date,store,item,sales
1/1/2013,1,1,13
1/1/2013,2,1,12
1/1/2013,3,1,19
1/2/2013,1,1,11
1/2/2013,2,1,16
1/2/2013,3,1,8
1/3/2013,1,1,14
1/3/2013,2,1,16
1/3/2013,3,1,10
1/4/2013,1,1,13
1/4/2013,2,1,20
1/4/2013,3,1,15
1/5/2013,1,1,10
1/5/2013,2,1,16
1/5/2013,3,1,22
1/6/2013,1,1,12
1/6/2013,2,1,18
1/6/2013,3,1,22
1/7/2013,1,1,10
1/7/2013,2,1,12
1/7/2013,3,1,7
1/8/2013,1,1,9
1/8/2013,2,1,11
1/8/2013,3,1,15
1/9/2013,1,1,12
1/9/2013,2,1,16
1/9/2013,3,1,9
1/10/2013,1,1,9
1/10/2013,2,1,10
1/10/2013,3,1,7
1/11/2013,1,1,9
1/11/2013,2,1,15
1/11/2013,3,1,19
1/12/2013,1,1,7
1/12/2013,2,1,22
1/12/2013,3,1,16
1/13/2013,1,1,10
1/13/2013,2,1,30
1/13/2013,3,1,14
1/14/2013,1,1,12
1/14/2013,2,1,14
1/14/2013,3,1,9
1/15/2013,1,1,5
1/15/2013,2,1,17
1/15/2013,3,1,14
1/16/2013,1,1,7
1/16/2013,2,1,14
1/16/2013,3,1,13
1/17/2013,1,1,16
1/17/2013,2,1,14
1/17/2013,3,1,18
1/18/2013,1,1,7
1/18/2013,2,1,12
1/18/2013,3,1,19
1/19/2013,1,1,18
1/19/2013,2,1,18
1/19/2013,3,1,19
1/20/2013,1,1,15
1/20/2013,2,1,24
1/20/2013,3,1,18
1/21/2013,1,1,8
1/21/2013,2,1,13
1/21/2013,3,1,14
1/22/2013,1,1,7
1/22/2013,2,1,11
1/22/2013,3,1,13
1/23/2013,1,1,9
1/23/2013,2,1,19
1/23/2013,3,1,17
1/24/2013,1,1,8
1/24/2013,2,1,14
1/24/2013,3,1,12
1/25/2013,1,1,14
1/25/2013,2,1,17
1/25/2013,3,1,19
1/26/2013,1,1,12
1/26/2013,2,1,14
1/26/2013,3,1,14
1/27/2013,1,1,12
1/27/2013,2,1,12
1/27/2013,3,1,13
1/28/2013,1,1,11
1/28/2013,2,1,15
1/28/2013,3,1,5
1/29/2013,1,1,6
1/29/2013,2,1,18
1/29/2013,3,1,20
1/30/2013,1,1,9
1/30/2013,2,1,10
1/30/2013,3,1,16
1/31/2013,1,1,13
1/31/2013,2,1,16
1/31/2013,3,1,17
2/1/2013,1,1,11
2/1/2013,2,1,16
2/1/2013,3,1,21
2/2/2013,1,1,21
2/2/2013,2,1,23
2/2/2013,3,1,21
2/3/2013,1,1,15
2/3/2013,2,1,14
2/3/2013,3,1,18
2/4/2013,1,1,14
2/4/2013,2,1,18
2/4/2013,3,1,10
2/5/2013,1,1,9
2/5/2013,2,1,16
2/5/2013,3,1,17
2/6/2013,1,1,10
2/6/2013,2,1,12
2/6/2013,3,1,15
2/7/2013,1,1,13
2/7/2013,2,1,19
2/7/2013,3,1,10
2/8/2013,1,1,11
2/8/2013,2,1,13
2/8/2013,3,1,8
2/9/2013,1,1,14
2/9/2013,2,1,15
2/9/2013,3,1,20
2/10/2013,1,1,11
2/10/2013,2,1,21
2/10/2013,3,1,6
2/11/2013,1,1,16
2/11/2013,2,1,11
2/11/2013,3,1,13
2/12/2013,1,1,11
2/12/2013,2,1,14
2/12/2013,3,1,14
2/13/2013,1,1,14
2/13/2013,2,1,19
2/13/2013,3,1,12
2/14/2013,1,1,10
2/14/2013,2,1,14
2/14/2013,3,1,12
2/15/2013,1,1,11
2/15/2013,2,1,17
2/15/2013,3,1,14
2/16/2013,1,1,7
2/16/2013,2,1,25
2/16/2013,3,1,15
2/17/2013,1,1,11
2/17/2013,2,1,26
2/17/2013,3,1,20
2/18/2013,1,1,10
2/18/2013,2,1,13
2/18/2013,3,1,10
2/19/2013,1,1,10
2/19/2013,2,1,22
2/19/2013,3,1,4
2/20/2013,1,1,7
2/20/2013,2,1,21
2/20/2013,3,1,12
2/21/2013,1,1,13
2/21/2013,2,1,9
2/21/2013,3,1,19
2/22/2013,1,1,12
2/22/2013,2,1,21
2/22/2013,3,1,17
2/23/2013,1,1,15
2/23/2013,2,1,15
2/23/2013,3,1,20
2/24/2013,1,1,11
2/24/2013,2,1,20
2/24/2013,3,1,24
2/25/2013,1,1,7
2/25/2013,2,1,17
2/25/2013,3,1,17
2/26/2013,1,1,9
2/26/2013,2,1,16
2/26/2013,3,1,13
2/27/2013,1,1,9
2/27/2013,2,1,11
2/27/2013,3,1,17
2/28/2013,1,1,10
2/28/2013,2,1,22
2/28/2013,3,1,22
3/1/2013,1,1,15
3/1/2013,2,1,27
3/1/2013,3,1,15
3/2/2013,1,1,13
3/2/2013,2,1,23
3/2/2013,3,1,19
3/3/2013,1,1,20
3/3/2013,2,1,29
3/3/2013,3,1,21
3/4/2013,1,1,14
3/4/2013,2,1,25
3/4/2013,3,1,17
3/5/2013,1,1,13
3/5/2013,2,1,13
3/5/2013,3,1,22
3/6/2013,1,1,17
3/6/2013,2,1,21
3/6/2013,3,1,19
3/7/2013,1,1,11
3/7/2013,2,1,19
3/7/2013,3,1,19
3/8/2013,1,1,15
3/8/2013,2,1,20
3/8/2013,3,1,26
3/9/2013,1,1,16
3/9/2013,2,1,31
3/9/2013,3,1,19
3/10/2013,1,1,11
3/10/2013,2,1,32
3/10/2013,3,1,21
3/11/2013,1,1,18
3/11/2013,2,1,17
3/11/2013,3,1,16
3/12/2013,1,1,14
3/12/2013,2,1,20
3/12/2013,3,1,19
3/13/2013,1,1,13
3/13/2013,2,1,22
3/13/2013,3,1,21
3/14/2013,1,1,10
3/14/2013,2,1,17
3/14/2013,3,1,22
3/15/2013,1,1,14
3/15/2013,2,1,17
3/15/2013,3,1,15
3/16/2013,1,1,10
3/16/2013,2,1,23
3/16/2013,3,1,21
3/17/2013,1,1,22
3/17/2013,2,1,20
3/17/2013,3,1,23
3/18/2013,1,1,11
3/18/2013,2,1,12
3/18/2013,3,1,11
3/19/2013,1,1,19
3/19/2013,2,1,17
3/19/2013,3,1,16
3/20/2013,1,1,14
3/20/2013,2,1,20
3/20/2013,3,1,13
3/21/2013,1,1,17
3/21/2013,2,1,25
3/21/2013,3,1,15
3/22/2013,1,1,21
3/22/2013,2,1,28
3/22/2013,3,1,23
3/23/2013,1,1,21
3/23/2013,2,1,30
3/23/2013,3,1,17
3/24/2013,1,1,19
3/24/2013,2,1,30
3/24/2013,3,1,26
3/25/2013,1,1,13
3/25/2013,2,1,17
3/25/2013,3,1,15
3/26/2013,1,1,16
3/26/2013,2,1,23
3/26/2013,3,1,25
3/27/2013,1,1,11
3/27/2013,2,1,17
3/27/2013,3,1,19
3/28/2013,1,1,13
3/28/2013,2,1,21
3/28/2013,3,1,17
3/29/2013,1,1,17
3/29/2013,2,1,21
3/29/2013,3,1,14
3/30/2013,1,1,19
3/30/2013,2,1,26
3/30/2013,3,1,21
3/31/2013,1,1,20
3/31/2013,2,1,23
3/31/2013,3,1,20
4/1/2013,1,1,11
4/1/2013,2,1,16
4/1/2013,3,1,15
4/2/2013,1,1,19
4/2/2013,2,1,29
4/2/2013,3,1,22
4/3/2013,1,1,24
4/3/2013,2,1,34
4/3/2013,3,1,21
4/4/2013,1,1,18
4/4/2013,2,1,30
4/4/2013,3,1,24
4/5/2013,1,1,19
4/5/2013,2,1,23
4/5/2013,3,1,20
4/6/2013,1,1,23
4/6/2013,2,1,28
4/6/2013,3,1,36
4/7/2013,1,1,17
4/7/2013,2,1,32
4/7/2013,3,1,31
4/8/2013,1,1,19
4/8/2013,2,1,15
4/8/2013,3,1,20
4/9/2013,1,1,13
4/9/2013,2,1,23
4/9/2013,3,1,12
4/10/2013,1,1,19
4/10/2013,2,1,16
4/10/2013,3,1,19
4/11/2013,1,1,16
4/11/2013,2,1,26
4/11/2013,3,1,29
4/12/2013,1,1,18
4/12/2013,2,1,22
4/12/2013,3,1,24
4/13/2013,1,1,17
4/13/2013,2,1,26
4/13/2013,3,1,25
4/14/2013,1,1,26
4/14/2013,2,1,39
4/14/2013,3,1,31
4/15/2013,1,1,14
4/15/2013,2,1,17
4/15/2013,3,1,15
4/16/2013,1,1,9
4/16/2013,2,1,19
4/16/2013,3,1,24
4/17/2013,1,1,17
4/17/2013,2,1,25
4/17/2013,3,1,15
4/18/2013,1,1,21
4/18/2013,2,1,28
4/18/2013,3,1,19
4/19/2013,1,1,22
4/19/2013,2,1,29
4/19/2013,3,1,23
4/20/2013,1,1,22
4/20/2013,2,1,29
4/20/2013,3,1,23
4/21/2013,1,1,20
4/21/2013,2,1,22
4/21/2013,3,1,19
4/22/2013,1,1,13
4/22/2013,2,1,17
4/22/2013,3,1,20
4/23/2013,1,1,11
4/23/2013,2,1,19
4/23/2013,3,1,31
4/24/2013,1,1,13
4/24/2013,2,1,21
4/24/2013,3,1,16
4/25/2013,1,1,14
4/25/2013,2,1,31
4/25/2013,3,1,24
4/26/2013,1,1,20
4/26/2013,2,1,29
4/26/2013,3,1,15
4/27/2013,1,1,22
4/27/2013,2,1,25
4/27/2013,3,1,35
4/28/2013,1,1,19
4/28/2013,2,1,20
4/28/2013,3,1,34
4/29/2013,1,1,11
4/29/2013,2,1,21
4/29/2013,3,1,12
4/30/2013,1,1,15
4/30/2013,2,1,32
4/30/2013,3,1,19
5/1/2013,1,1,16
5/1/2013,2,1,29
5/1/2013,3,1,24
5/2/2013,1,1,23
5/2/2013,2,1,30
5/2/2013,3,1,21
5/3/2013,1,1,22
5/3/2013,2,1,28
5/3/2013,3,1,23
5/4/2013,1,1,20
5/4/2013,2,1,29
5/4/2013,3,1,31
5/5/2013,1,1,14
5/5/2013,2,1,32
5/5/2013,3,1,30
5/6/2013,1,1,14
5/6/2013,2,1,20
5/6/2013,3,1,18
5/7/2013,1,1,15
5/7/2013,2,1,21
5/7/2013,3,1,21
5/8/2013,1,1,14
5/8/2013,2,1,29
5/8/2013,3,1,23
5/9/2013,1,1,11
5/9/2013,2,1,25
5/9/2013,3,1,33
5/10/2013,1,1,16
5/10/2013,2,1,35
5/10/2013,3,1,28
5/11/2013,1,1,19
5/11/2013,2,1,23
5/11/2013,3,1,28
5/12/2013,1,1,13
5/12/2013,2,1,38
5/12/2013,3,1,24
5/13/2013,1,1,9
5/13/2013,2,1,20
5/13/2013,3,1,15
5/14/2013,1,1,13
5/14/2013,2,1,30
5/14/2013,3,1,23
5/15/2013,1,1,16
5/15/2013,2,1,26
5/15/2013,3,1,15
5/16/2013,1,1,15
5/16/2013,2,1,26
5/16/2013,3,1,30
5/17/2013,1,1,16
5/17/2013,2,1,45
5/17/2013,3,1,28
5/18/2013,1,1,20
5/18/2013,2,1,28
5/18/2013,3,1,27
5/19/2013,1,1,19
5/19/2013,2,1,29
5/19/2013,3,1,25
5/20/2013,1,1,14
5/20/2013,2,1,20
5/20/2013,3,1,19
5/21/2013,1,1,24
5/21/2013,2,1,22
5/21/2013,3,1,15
5/22/2013,1,1,23
5/22/2013,2,1,25
5/22/2013,3,1,25
5/23/2013,1,1,14
5/23/2013,2,1,31
5/23/2013,3,1,18
5/24/2013,1,1,24
5/24/2013,2,1,16
5/24/2013,3,1,22
5/25/2013,1,1,25
5/25/2013,2,1,24
5/25/2013,3,1,27
5/26/2013,1,1,27
5/26/2013,2,1,42
5/26/2013,3,1,29
5/27/2013,1,1,7
5/27/2013,2,1,18
5/27/2013,3,1,26
5/28/2013,1,1,12
5/28/2013,2,1,17
5/28/2013,3,1,20
5/29/2013,1,1,10
5/29/2013,2,1,26
5/29/2013,3,1,26
5/30/2013,1,1,19
5/30/2013,2,1,26
5/30/2013,3,1,14
5/31/2013,1,1,27
5/31/2013,2,1,33
5/31/2013,3,1,27
6/1/2013,1,1,26
6/1/2013,2,1,44
6/1/2013,3,1,26
6/2/2013,1,1,22
6/2/2013,2,1,44
6/2/2013,3,1,28
6/3/2013,1,1,12
6/3/2013,2,1,23
6/3/2013,3,1,17
6/4/2013,1,1,15
6/4/2013,2,1,22
6/4/2013,3,1,24
6/5/2013,1,1,24
6/5/2013,2,1,32
6/5/2013,3,1,23
6/6/2013,1,1,9
6/6/2013,2,1,29
6/6/2013,3,1,20
6/7/2013,1,1,21
6/7/2013,2,1,28
6/7/2013,3,1,24
6/8/2013,1,1,20
6/8/2013,2,1,36
6/8/2013,3,1,31
6/9/2013,1,1,38
6/9/2013,2,1,22
6/9/2013,3,1,29
6/10/2013,1,1,20
6/10/2013,2,1,16
6/10/2013,3,1,17
6/11/2013,1,1,18
6/11/2013,2,1,26
6/11/2013,3,1,25
6/12/2013,1,1,22
6/12/2013,2,1,25
6/12/2013,3,1,26
6/13/2013,1,1,21
6/13/2013,2,1,26
6/13/2013,3,1,28
6/14/2013,1,1,22
6/14/2013,2,1,33
6/14/2013,3,1,26
6/15/2013,1,1,26
6/15/2013,2,1,37
6/15/2013,3,1,20
6/16/2013,1,1,23
6/16/2013,2,1,34
6/16/2013,3,1,22
6/17/2013,1,1,13
6/17/2013,2,1,26
6/17/2013,3,1,22
6/18/2013,1,1,21
6/18/2013,2,1,22
6/18/2013,3,1,26
6/19/2013,1,1,18
6/19/2013,2,1,18
6/19/2013,3,1,20
6/20/2013,1,1,24
6/20/2013,2,1,21
6/20/2013,3,1,33
6/21/2013,1,1,19
6/21/2013,2,1,36
6/21/2013,3,1,25
6/22/2013,1,1,23
6/22/2013,2,1,28
6/22/2013,3,1,28
6/23/2013,1,1,24
6/23/2013,2,1,30
6/23/2013,3,1,29
6/24/2013,1,1,17
6/24/2013,2,1,25
6/24/2013,3,1,20
6/25/2013,1,1,21
6/25/2013,2,1,32
6/25/2013,3,1,20
6/26/2013,1,1,21
6/26/2013,2,1,26
6/26/2013,3,1,22
6/27/2013,1,1,26
6/27/2013,2,1,25
6/27/2013,3,1,24
6/28/2013,1,1,17
6/28/2013,2,1,24
6/28/2013,3,1,32
6/29/2013,1,1,20
6/29/2013,2,1,27
6/29/2013,3,1,28
6/30/2013,1,1,24
6/30/2013,2,1,28
6/30/2013,3,1,33
7/1/2013,1,1,23
7/1/2013,2,1,24
7/1/2013,3,1,20
7/2/2013,1,1,17
7/2/2013,2,1,19
7/2/2013,3,1,24
7/3/2013,1,1,12
7/3/2013,2,1,30
7/3/2013,3,1,20
7/4/2013,1,1,24
7/4/2013,2,1,25
7/4/2013,3,1,25
7/5/2013,1,1,17
7/5/2013,2,1,42
7/5/2013,3,1,29
7/6/2013,1,1,16
7/6/2013,2,1,32
7/6/2013,3,1,29
7/7/2013,1,1,34
7/7/2013,2,1,31
7/7/2013,3,1,31
7/8/2013,1,1,20
7/8/2013,2,1,27
7/8/2013,3,1,22
7/9/2013,1,1,23
7/9/2013,2,1,29
7/9/2013,3,1,32
7/10/2013,1,1,14
7/10/2013,2,1,28
7/10/2013,3,1,19
7/11/2013,1,1,25
7/11/2013,2,1,36
7/11/2013,3,1,21
7/12/2013,1,1,29
7/12/2013,2,1,40
7/12/2013,3,1,29
7/13/2013,1,1,22
7/13/2013,2,1,27
7/13/2013,3,1,21
7/14/2013,1,1,29
7/14/2013,2,1,27
7/14/2013,3,1,35
7/15/2013,1,1,18
7/15/2013,2,1,17
7/15/2013,3,1,24
7/16/2013,1,1,12
7/16/2013,2,1,21
7/16/2013,3,1,20
7/17/2013,1,1,16
7/17/2013,2,1,31
7/17/2013,3,1,24
7/18/2013,1,1,21
7/18/2013,2,1,34
7/18/2013,3,1,30
7/19/2013,1,1,25
7/19/2013,2,1,37
7/19/2013,3,1,32
7/20/2013,1,1,25
7/20/2013,2,1,36
7/20/2013,3,1,30
7/21/2013,1,1,26
7/21/2013,2,1,34
7/21/2013,3,1,35
7/22/2013,1,1,18
7/22/2013,2,1,30
7/22/2013,3,1,16
7/23/2013,1,1,17
7/23/2013,2,1,28
7/23/2013,3,1,21
7/24/2013,1,1,21
7/24/2013,2,1,24
7/24/2013,3,1,21
7/25/2013,1,1,21
7/25/2013,2,1,33
7/25/2013,3,1,33
7/26/2013,1,1,31
7/26/2013,2,1,30
7/26/2013,3,1,28
7/27/2013,1,1,19
7/27/2013,2,1,45
7/27/2013,3,1,32
7/28/2013,1,1,25
7/28/2013,2,1,27
7/28/2013,3,1,30
7/29/2013,1,1,8
7/29/2013,2,1,24
7/29/2013,3,1,22
7/30/2013,1,1,26
7/30/2013,2,1,24
7/30/2013,3,1,16
7/31/2013,1,1,27
7/31/2013,2,1,19
7/31/2013,3,1,23
8/1/2013,1,1,21
8/1/2013,2,1,23
8/1/2013,3,1,21
8/2/2013,1,1,19
8/2/2013,2,1,32
8/2/2013,3,1,25
8/3/2013,1,1,24
8/3/2013,2,1,30
8/3/2013,3,1,30
8/4/2013,1,1,26
8/4/2013,2,1,30
8/4/2013,3,1,21
8/5/2013,1,1,17
8/5/2013,2,1,18
8/5/2013,3,1,27
8/6/2013,1,1,10
8/6/2013,2,1,22
8/6/2013,3,1,30
8/7/2013,1,1,25
8/7/2013,2,1,24
8/7/2013,3,1,30
8/8/2013,1,1,20
8/8/2013,2,1,30
8/8/2013,3,1,18
8/9/2013,1,1,19
8/9/2013,2,1,30
8/9/2013,3,1,21
8/10/2013,1,1,22
8/10/2013,2,1,25
8/10/2013,3,1,27
8/11/2013,1,1,25
8/11/2013,2,1,27
8/11/2013,3,1,38
8/12/2013,1,1,10
8/12/2013,2,1,27
8/12/2013,3,1,9
8/13/2013,1,1,11
8/13/2013,2,1,14
8/13/2013,3,1,27
8/14/2013,1,1,19
8/14/2013,2,1,26
8/14/2013,3,1,26
8/15/2013,1,1,22
8/15/2013,2,1,26
8/15/2013,3,1,23
8/16/2013,1,1,15
8/16/2013,2,1,27
8/16/2013,3,1,26
8/17/2013,1,1,29
8/17/2013,2,1,30
8/17/2013,3,1,28
8/18/2013,1,1,27
8/18/2013,2,1,25
8/18/2013,3,1,27
8/19/2013,1,1,11
8/19/2013,2,1,24
8/19/2013,3,1,22
8/20/2013,1,1,15
8/20/2013,2,1,18
8/20/2013,3,1,33
8/21/2013,1,1,20
8/21/2013,2,1,14
8/21/2013,3,1,28
8/22/2013,1,1,20
8/22/2013,2,1,27
8/22/2013,3,1,21
8/23/2013,1,1,19
8/23/2013,2,1,27
8/23/2013,3,1,29
8/24/2013,1,1,19
8/24/2013,2,1,26
8/24/2013,3,1,20
8/25/2013,1,1,23
8/25/2013,2,1,28
8/25/2013,3,1,32
8/26/2013,1,1,11
8/26/2013,2,1,23
8/26/2013,3,1,16
8/27/2013,1,1,16
8/27/2013,2,1,29
8/27/2013,3,1,14
8/28/2013,1,1,20
8/28/2013,2,1,30
8/28/2013,3,1,21
8/29/2013,1,1,14
8/29/2013,2,1,32
8/29/2013,3,1,31
8/30/2013,1,1,20
8/30/2013,2,1,35
8/30/2013,3,1,23
8/31/2013,1,1,25
8/31/2013,2,1,26
8/31/2013,3,1,25
9/1/2013,1,1,25
9/1/2013,2,1,25
9/1/2013,3,1,25
9/2/2013,1,1,10
9/2/2013,2,1,21
9/2/2013,3,1,14
9/3/2013,1,1,16
9/3/2013,2,1,23
9/3/2013,3,1,18
9/4/2013,1,1,10
9/4/2013,2,1,22
9/4/2013,3,1,17
9/5/2013,1,1,16
9/5/2013,2,1,28
9/5/2013,3,1,20
9/6/2013,1,1,20
9/6/2013,2,1,23
9/6/2013,3,1,11
9/7/2013,1,1,20
9/7/2013,2,1,23
9/7/2013,3,1,29
9/8/2013,1,1,19
9/8/2013,2,1,38
9/8/2013,3,1,25
9/9/2013,1,1,15
9/9/2013,2,1,18
9/9/2013,3,1,23
9/10/2013,1,1,17
9/10/2013,2,1,23
9/10/2013,3,1,21
9/11/2013,1,1,26
9/11/2013,2,1,18
9/11/2013,3,1,17
9/12/2013,1,1,14
9/12/2013,2,1,24
9/12/2013,3,1,21
9/13/2013,1,1,16
9/13/2013,2,1,28
9/13/2013,3,1,25
9/14/2013,1,1,27
9/14/2013,2,1,23
9/14/2013,3,1,29
9/15/2013,1,1,14
9/15/2013,2,1,27
9/15/2013,3,1,30
9/16/2013,1,1,16
9/16/2013,2,1,26
9/16/2013,3,1,16
9/17/2013,1,1,20
9/17/2013,2,1,23
9/17/2013,3,1,20
9/18/2013,1,1,18
9/18/2013,2,1,27
9/18/2013,3,1,18
9/19/2013,1,1,16
9/19/2013,2,1,26
9/19/2013,3,1,23
9/20/2013,1,1,11
9/20/2013,2,1,18
9/20/2013,3,1,17
9/21/2013,1,1,13
9/21/2013,2,1,29
9/21/2013,3,1,27
9/22/2013,1,1,16
9/22/2013,2,1,36
9/22/2013,3,1,22
9/23/2013,1,1,18
9/23/2013,2,1,16
9/23/2013,3,1,19
9/24/2013,1,1,14
9/24/2013,2,1,32
9/24/2013,3,1,18
9/25/2013,1,1,17
9/25/2013,2,1,25
9/25/2013,3,1,25
9/26/2013,1,1,20
9/26/2013,2,1,28
9/26/2013,3,1,19
9/27/2013,1,1,22
9/27/2013,2,1,23
9/27/2013,3,1,19
9/28/2013,1,1,13
9/28/2013,2,1,25
9/28/2013,3,1,30
9/29/2013,1,1,20
9/29/2013,2,1,21
9/29/2013,3,1,37
9/30/2013,1,1,20
9/30/2013,2,1,14
9/30/2013,3,1,15
10/1/2013,1,1,12
10/1/2013,2,1,21
10/1/2013,3,1,18
10/2/2013,1,1,11
10/2/2013,2,1,25
10/2/2013,3,1,20
10/3/2013,1,1,14
10/3/2013,2,1,24
10/3/2013,3,1,22
10/4/2013,1,1,14
10/4/2013,2,1,34
10/4/2013,3,1,26
10/5/2013,1,1,14
10/5/2013,2,1,25
10/5/2013,3,1,11
10/6/2013,1,1,20
10/6/2013,2,1,25
10/6/2013,3,1,31
10/7/2013,1,1,13
10/7/2013,2,1,20
10/7/2013,3,1,25
10/8/2013,1,1,13
10/8/2013,2,1,24
10/8/2013,3,1,16
10/9/2013,1,1,14
10/9/2013,2,1,23
10/9/2013,3,1,20
10/10/2013,1,1,20
10/10/2013,2,1,23
10/10/2013,3,1,15
10/11/2013,1,1,17
10/11/2013,2,1,27
10/11/2013,3,1,22
10/12/2013,1,1,17
10/12/2013,2,1,29
10/12/2013,3,1,23
10/13/2013,1,1,20
10/13/2013,2,1,22
10/13/2013,3,1,20
10/14/2013,1,1,15
10/14/2013,2,1,27
10/14/2013,3,1,14
10/15/2013,1,1,15
10/15/2013,2,1,15
10/15/2013,3,1,24
10/16/2013,1,1,15
10/16/2013,2,1,14
10/16/2013,3,1,16
10/17/2013,1,1,10
10/17/2013,2,1,36
10/17/2013,3,1,24
10/18/2013,1,1,10
10/18/2013,2,1,21
10/18/2013,3,1,21
10/19/2013,1,1,18
10/19/2013,2,1,29
10/19/2013,3,1,25
10/20/2013,1,1,25
10/20/2013,2,1,35
10/20/2013,3,1,18
10/21/2013,1,1,13
10/21/2013,2,1,15
10/21/2013,3,1,13
10/22/2013,1,1,11
10/22/2013,2,1,18
10/22/2013,3,1,28
10/23/2013,1,1,16
10/23/2013,2,1,23
10/23/2013,3,1,16
10/24/2013,1,1,17
10/24/2013,2,1,23
10/24/2013,3,1,18
10/25/2013,1,1,18
10/25/2013,2,1,22
10/25/2013,3,1,18
10/26/2013,1,1,19
10/26/2013,2,1,23
10/26/2013,3,1,24
10/27/2013,1,1,14
10/27/2013,2,1,18
10/27/2013,3,1,23
10/28/2013,1,1,11
10/28/2013,2,1,23
10/28/2013,3,1,16
10/29/2013,1,1,17
10/29/2013,2,1,18
10/29/2013,3,1,28
10/30/2013,1,1,20
10/30/2013,2,1,20
10/30/2013,3,1,12
10/31/2013,1,1,21
10/31/2013,2,1,34
10/31/2013,3,1,19
11/1/2013,1,1,20
11/1/2013,2,1,31
11/1/2013,3,1,29
11/2/2013,1,1,24
11/2/2013,2,1,23
11/2/2013,3,1,20
11/3/2013,1,1,19
11/3/2013,2,1,17
11/3/2013,3,1,34
11/4/2013,1,1,12
11/4/2013,2,1,15
11/4/2013,3,1,20
11/5/2013,1,1,20
11/5/2013,2,1,24
11/5/2013,3,1,17
11/6/2013,1,1,16
11/6/2013,2,1,28
11/6/2013,3,1,13
11/7/2013,1,1,17
11/7/2013,2,1,19
11/7/2013,3,1,15
11/8/2013,1,1,22
11/8/2013,2,1,26
11/8/2013,3,1,28
11/9/2013,1,1,18
11/9/2013,2,1,35
11/9/2013,3,1,18
11/10/2013,1,1,23
11/10/2013,2,1,41
11/10/2013,3,1,31
11/11/2013,1,1,16
11/11/2013,2,1,21
11/11/2013,3,1,20
11/12/2013,1,1,20
11/12/2013,2,1,24
11/12/2013,3,1,20
11/13/2013,1,1,20
11/13/2013,2,1,18
11/13/2013,3,1,20
11/14/2013,1,1,9
11/14/2013,2,1,24
11/14/2013,3,1,26
11/15/2013,1,1,18
11/15/2013,2,1,32
11/15/2013,3,1,14
11/16/2013,1,1,13
11/16/2013,2,1,29
11/16/2013,3,1,27
11/17/2013,1,1,17
11/17/2013,2,1,30
11/17/2013,3,1,22
11/18/2013,1,1,17
11/18/2013,2,1,19
11/18/2013,3,1,13
11/19/2013,1,1,18
11/19/2013,2,1,26
11/19/2013,3,1,24
11/20/2013,1,1,17
11/20/2013,2,1,24
11/20/2013,3,1,18
11/21/2013,1,1,16
11/21/2013,2,1,20
11/21/2013,3,1,28
11/22/2013,1,1,17
11/22/2013,2,1,19
11/22/2013,3,1,33
11/23/2013,1,1,31
11/23/2013,2,1,23
11/23/2013,3,1,18
11/24/2013,1,1,20
11/24/2013,2,1,18
11/24/2013,3,1,33
11/25/2013,1,1,16
11/25/2013,2,1,13
11/25/2013,3,1,23
11/26/2013,1,1,25
11/26/2013,2,1,22
11/26/2013,3,1,18
11/27/2013,1,1,25
11/27/2013,2,1,17
11/27/2013,3,1,18
11/28/2013,1,1,17
11/28/2013,2,1,22
11/28/2013,3,1,33
11/29/2013,1,1,19
11/29/2013,2,1,29
11/29/2013,3,1,14
11/30/2013,1,1,30
11/30/2013,2,1,24
11/30/2013,3,1,22
12/1/2013,1,1,16
12/1/2013,2,1,20
12/1/2013,3,1,21
12/2/2013,1,1,8
12/2/2013,2,1,11
12/2/2013,3,1,12
12/3/2013,1,1,21
12/3/2013,2,1,17
12/3/2013,3,1,13
12/4/2013,1,1,6
12/4/2013,2,1,16
12/4/2013,3,1,14
12/5/2013,1,1,13
12/5/2013,2,1,27
12/5/2013,3,1,17
12/6/2013,1,1,15
12/6/2013,2,1,20
12/6/2013,3,1,15
12/7/2013,1,1,17
12/7/2013,2,1,26
12/7/2013,3,1,15
12/8/2013,1,1,17
12/8/2013,2,1,19
12/8/2013,3,1,19
12/9/2013,1,1,8
12/9/2013,2,1,12
12/9/2013,3,1,11
12/10/2013,1,1,14
12/10/2013,2,1,22
12/10/2013,3,1,11
12/11/2013,1,1,7
12/11/2013,2,1,23
12/11/2013,3,1,14
12/12/2013,1,1,5
12/12/2013,2,1,10
12/12/2013,3,1,12
12/13/2013,1,1,13
12/13/2013,2,1,21
12/13/2013,3,1,16
12/14/2013,1,1,16
12/14/2013,2,1,18
12/14/2013,3,1,23
12/15/2013,1,1,15
12/15/2013,2,1,24
12/15/2013,3,1,14
12/16/2013,1,1,15
12/16/2013,2,1,10
12/16/2013,3,1,18
12/17/2013,1,1,8
12/17/2013,2,1,10
12/17/2013,3,1,17
12/18/2013,1,1,18
12/18/2013,2,1,15
12/18/2013,3,1,10
12/19/2013,1,1,7
12/19/2013,2,1,12
12/19/2013,3,1,15
12/20/2013,1,1,13
12/20/2013,2,1,21
12/20/2013,3,1,18
12/21/2013,1,1,11
12/21/2013,2,1,24
12/21/2013,3,1,18
12/22/2013,1,1,9
12/22/2013,2,1,18
12/22/2013,3,1,16
12/23/2013,1,1,8
12/23/2013,2,1,7
12/23/2013,3,1,14
12/24/2013,1,1,17
12/24/2013,2,1,20
12/24/2013,3,1,15
12/25/2013,1,1,6
12/25/2013,2,1,11
12/25/2013,3,1,23
12/26/2013,1,1,16
12/26/2013,2,1,15
12/26/2013,3,1,15
12/27/2013,1,1,18
12/27/2013,2,1,20
12/27/2013,3,1,18
12/28/2013,1,1,17
12/28/2013,2,1,18
12/28/2013,3,1,16
12/29/2013,1,1,14
12/29/2013,2,1,24
12/29/2013,3,1,19
12/30/2013,1,1,5
12/30/2013,2,1,20
12/30/2013,3,1,7
12/31/2013,1,1,15
12/31/2013,2,1,18
12/31/2013,3,1,12
1/1/2014,1,1,9
1/1/2014,2,1,19
1/1/2014,3,1,7
1/2/2014,1,1,14
1/2/2014,2,1,17
1/2/2014,3,1,17
1/3/2014,1,1,11
1/3/2014,2,1,14
1/3/2014,3,1,16
1/4/2014,1,1,20
1/4/2014,2,1,16
1/4/2014,3,1,21
1/5/2014,1,1,17
1/5/2014,2,1,24
1/5/2014,3,1,14
1/6/2014,1,1,14
1/6/2014,2,1,23
1/6/2014,3,1,13
1/7/2014,1,1,11
1/7/2014,2,1,16
1/7/2014,3,1,15
1/8/2014,1,1,12
1/8/2014,2,1,13
1/8/2014,3,1,17
1/9/2014,1,1,17
1/9/2014,2,1,21
1/9/2014,3,1,15
1/10/2014,1,1,12
1/10/2014,2,1,25
1/10/2014,3,1,15
1/11/2014,1,1,17
1/11/2014,2,1,16
1/11/2014,3,1,18
1/12/2014,1,1,12
1/12/2014,2,1,21
1/12/2014,3,1,15
1/13/2014,1,1,12
1/13/2014,2,1,15
1/13/2014,3,1,10
1/14/2014,1,1,17
1/14/2014,2,1,20
1/14/2014,3,1,19
1/15/2014,1,1,17
1/15/2014,2,1,17
1/15/2014,3,1,18
1/16/2014,1,1,15
1/16/2014,2,1,21
1/16/2014,3,1,19
1/17/2014,1,1,18
1/17/2014,2,1,19
1/17/2014,3,1,19
1/18/2014,1,1,15
1/18/2014,2,1,15
1/18/2014,3,1,10
1/19/2014,1,1,12
1/19/2014,2,1,25
1/19/2014,3,1,19
1/20/2014,1,1,6
1/20/2014,2,1,8
1/20/2014,3,1,15
1/21/2014,1,1,7
1/21/2014,2,1,14
1/21/2014,3,1,11
1/22/2014,1,1,21
1/22/2014,2,1,16
1/22/2014,3,1,14
1/23/2014,1,1,18
1/23/2014,2,1,26
1/23/2014,3,1,17
1/24/2014,1,1,18
1/24/2014,2,1,26
1/24/2014,3,1,15
1/25/2014,1,1,21
1/25/2014,2,1,20
1/25/2014,3,1,26
1/26/2014,1,1,16
1/26/2014,2,1,19
1/26/2014,3,1,18
1/27/2014,1,1,8
1/27/2014,2,1,14
1/27/2014,3,1,17
1/28/2014,1,1,6
1/28/2014,2,1,11
1/28/2014,3,1,10
1/29/2014,1,1,13
1/29/2014,2,1,15
1/29/2014,3,1,8
1/30/2014,1,1,11
1/30/2014,2,1,21
1/30/2014,3,1,19
1/31/2014,1,1,18
1/31/2014,2,1,17
1/31/2014,3,1,12
2/1/2014,1,1,13
2/1/2014,2,1,36
2/1/2014,3,1,10
2/2/2014,1,1,16
2/2/2014,2,1,17
2/2/2014,3,1,13
2/3/2014,1,1,10
2/3/2014,2,1,12
2/3/2014,3,1,19
2/4/2014,1,1,9
2/4/2014,2,1,24
2/4/2014,3,1,20
2/5/2014,1,1,21
2/5/2014,2,1,8
2/5/2014,3,1,19
2/6/2014,1,1,17
2/6/2014,2,1,28
2/6/2014,3,1,21
2/7/2014,1,1,15
2/7/2014,2,1,19
2/7/2014,3,1,26
2/8/2014,1,1,15
2/8/2014,2,1,25
2/8/2014,3,1,21
2/9/2014,1,1,18
2/9/2014,2,1,10
2/9/2014,3,1,32
2/10/2014,1,1,10
2/10/2014,2,1,18
2/10/2014,3,1,10
2/11/2014,1,1,10
2/11/2014,2,1,13
2/11/2014,3,1,17
2/12/2014,1,1,9
2/12/2014,2,1,13
2/12/2014,3,1,18
2/13/2014,1,1,22
2/13/2014,2,1,8
2/13/2014,3,1,18
2/14/2014,1,1,20
2/14/2014,2,1,24
2/14/2014,3,1,14
2/15/2014,1,1,20
2/15/2014,2,1,21
2/15/2014,3,1,19
2/16/2014,1,1,13
2/16/2014,2,1,29
2/16/2014,3,1,13
2/17/2014,1,1,11
2/17/2014,2,1,12
2/17/2014,3,1,10
2/18/2014,1,1,11
2/18/2014,2,1,16
2/18/2014,3,1,14
2/19/2014,1,1,16
2/19/2014,2,1,19
2/19/2014,3,1,14
2/20/2014,1,1,19
2/20/2014,2,1,23
2/20/2014,3,1,15
2/21/2014,1,1,16
2/21/2014,2,1,29
2/21/2014,3,1,19
2/22/2014,1,1,17
2/22/2014,2,1,28
2/22/2014,3,1,16
2/23/2014,1,1,13
2/23/2014,2,1,18
2/23/2014,3,1,18
2/24/2014,1,1,7
2/24/2014,2,1,12
2/24/2014,3,1,16
2/25/2014,1,1,14
2/25/2014,2,1,23
2/25/2014,3,1,26
2/26/2014,1,1,17
2/26/2014,2,1,24
2/26/2014,3,1,20
2/27/2014,1,1,10
2/27/2014,2,1,22
2/27/2014,3,1,24
2/28/2014,1,1,16
2/28/2014,2,1,23
2/28/2014,3,1,21
3/1/2014,1,1,20
3/1/2014,2,1,29
3/1/2014,3,1,19
3/2/2014,1,1,15
3/2/2014,2,1,24
3/2/2014,3,1,26
3/3/2014,1,1,12
3/3/2014,2,1,25
3/3/2014,3,1,17
3/4/2014,1,1,11
3/4/2014,2,1,25
3/4/2014,3,1,18
3/5/2014,1,1,18
3/5/2014,2,1,19
3/5/2014,3,1,22
3/6/2014,1,1,19
3/6/2014,2,1,16
3/6/2014,3,1,28
3/7/2014,1,1,21
3/7/2014,2,1,18
3/7/2014,3,1,23
3/8/2014,1,1,14
3/8/2014,2,1,36
3/8/2014,3,1,22
3/9/2014,1,1,21
3/9/2014,2,1,21
3/9/2014,3,1,28
3/10/2014,1,1,13
3/10/2014,2,1,17
3/10/2014,3,1,19
3/11/2014,1,1,14
3/11/2014,2,1,27
3/11/2014,3,1,22
3/12/2014,1,1,24
3/12/2014,2,1,21
3/12/2014,3,1,20
3/13/2014,1,1,17
3/13/2014,2,1,21
3/13/2014,3,1,23
3/14/2014,1,1,16
3/14/2014,2,1,19
3/14/2014,3,1,14
3/15/2014,1,1,22
3/15/2014,2,1,34
3/15/2014,3,1,21
3/16/2014,1,1,31
3/16/2014,2,1,20
3/16/2014,3,1,30
3/17/2014,1,1,19
3/17/2014,2,1,19
3/17/2014,3,1,15
3/18/2014,1,1,17
3/18/2014,2,1,21
3/18/2014,3,1,17
3/19/2014,1,1,24
3/19/2014,2,1,24
3/19/2014,3,1,22
3/20/2014,1,1,21
3/20/2014,2,1,22
3/20/2014,3,1,25
3/21/2014,1,1,18
3/21/2014,2,1,23
3/21/2014,3,1,25
3/22/2014,1,1,20
3/22/2014,2,1,28
3/22/2014,3,1,23
3/23/2014,1,1,25
3/23/2014,2,1,39
3/23/2014,3,1,31
3/24/2014,1,1,4
3/24/2014,2,1,21
3/24/2014,3,1,17
3/25/2014,1,1,15
3/25/2014,2,1,27
3/25/2014,3,1,15
3/26/2014,1,1,17
3/26/2014,2,1,27
3/26/2014,3,1,33
3/27/2014,1,1,17
3/27/2014,2,1,23
3/27/2014,3,1,22
3/28/2014,1,1,16
3/28/2014,2,1,22
3/28/2014,3,1,21
3/29/2014,1,1,18
3/29/2014,2,1,24
3/29/2014,3,1,29
3/30/2014,1,1,15
3/30/2014,2,1,26
3/30/2014,3,1,26
3/31/2014,1,1,15
3/31/2014,2,1,15
3/31/2014,3,1,12
4/1/2014,1,1,19
4/1/2014,2,1,23
4/1/2014,3,1,27
4/2/2014,1,1,11
4/2/2014,2,1,17
4/2/2014,3,1,29
4/3/2014,1,1,16
4/3/2014,2,1,24
4/3/2014,3,1,24
4/4/2014,1,1,17
4/4/2014,2,1,26
4/4/2014,3,1,19
4/5/2014,1,1,21
4/5/2014,2,1,33
4/5/2014,3,1,29
4/6/2014,1,1,26
4/6/2014,2,1,40
4/6/2014,3,1,29
4/7/2014,1,1,19
4/7/2014,2,1,18
4/7/2014,3,1,14
4/8/2014,1,1,19
4/8/2014,2,1,25
4/8/2014,3,1,22
4/9/2014,1,1,20
4/9/2014,2,1,23
4/9/2014,3,1,19
4/10/2014,1,1,18
4/10/2014,2,1,28
4/10/2014,3,1,27
4/11/2014,1,1,23
4/11/2014,2,1,23
4/11/2014,3,1,26
4/12/2014,1,1,19
4/12/2014,2,1,33
4/12/2014,3,1,32
4/13/2014,1,1,22
4/13/2014,2,1,31
4/13/2014,3,1,26
4/14/2014,1,1,20
4/14/2014,2,1,22
4/14/2014,3,1,19
4/15/2014,1,1,22
4/15/2014,2,1,27
4/15/2014,3,1,15
4/16/2014,1,1,20
4/16/2014,2,1,19
4/16/2014,3,1,24
4/17/2014,1,1,18
4/17/2014,2,1,30
4/17/2014,3,1,20
4/18/2014,1,1,20
4/18/2014,2,1,22
4/18/2014,3,1,31
4/19/2014,1,1,22
4/19/2014,2,1,35
4/19/2014,3,1,24
4/20/2014,1,1,22
4/20/2014,2,1,42
4/20/2014,3,1,26
4/21/2014,1,1,17
4/21/2014,2,1,20
4/21/2014,3,1,20
4/22/2014,1,1,12
4/22/2014,2,1,28
4/22/2014,3,1,20
4/23/2014,1,1,16
4/23/2014,2,1,19
4/23/2014,3,1,28
4/24/2014,1,1,25
4/24/2014,2,1,29
4/24/2014,3,1,26
4/25/2014,1,1,22
4/25/2014,2,1,22
4/25/2014,3,1,27
4/26/2014,1,1,21
4/26/2014,2,1,23
4/26/2014,3,1,22
4/27/2014,1,1,20
4/27/2014,2,1,28
4/27/2014,3,1,40
4/28/2014,1,1,15
4/28/2014,2,1,17
4/28/2014,3,1,15
4/29/2014,1,1,18
4/29/2014,2,1,26
4/29/2014,3,1,28
4/30/2014,1,1,13
4/30/2014,2,1,21
4/30/2014,3,1,20
5/1/2014,1,1,22
5/1/2014,2,1,30
5/1/2014,3,1,27
5/2/2014,1,1,19
5/2/2014,2,1,40
5/2/2014,3,1,19
5/3/2014,1,1,22
5/3/2014,2,1,33
5/3/2014,3,1,33
5/4/2014,1,1,23
5/4/2014,2,1,37
5/4/2014,3,1,32
5/5/2014,1,1,21
5/5/2014,2,1,21
5/5/2014,3,1,15
5/6/2014,1,1,19
5/6/2014,2,1,25
5/6/2014,3,1,30
5/7/2014,1,1,21
5/7/2014,2,1,29
5/7/2014,3,1,21
5/8/2014,1,1,15
5/8/2014,2,1,34
5/8/2014,3,1,24
5/9/2014,1,1,18
5/9/2014,2,1,32
5/9/2014,3,1,35
5/10/2014,1,1,16
5/10/2014,2,1,32
5/10/2014,3,1,39
5/11/2014,1,1,27
5/11/2014,2,1,27
5/11/2014,3,1,38
5/12/2014,1,1,16
5/12/2014,2,1,16
5/12/2014,3,1,19
5/13/2014,1,1,22
5/13/2014,2,1,22
5/13/2014,3,1,26
5/14/2014,1,1,21
5/14/2014,2,1,30
5/14/2014,3,1,34
5/15/2014,1,1,22
5/15/2014,2,1,38
5/15/2014,3,1,25
5/16/2014,1,1,23
5/16/2014,2,1,28
5/16/2014,3,1,31
5/17/2014,1,1,18
5/17/2014,2,1,45
5/17/2014,3,1,40
5/18/2014,1,1,36
5/18/2014,2,1,33
5/18/2014,3,1,23
5/19/2014,1,1,12
5/19/2014,2,1,27
5/19/2014,3,1,16
5/20/2014,1,1,23
5/20/2014,2,1,38
5/20/2014,3,1,24
5/21/2014,1,1,16
5/21/2014,2,1,24
5/21/2014,3,1,34
5/22/2014,1,1,25
5/22/2014,2,1,31
5/22/2014,3,1,24
5/23/2014,1,1,28
5/23/2014,2,1,37
5/23/2014,3,1,24
5/24/2014,1,1,25
5/24/2014,2,1,33
5/24/2014,3,1,31
5/25/2014,1,1,20
5/25/2014,2,1,34
5/25/2014,3,1,31
5/26/2014,1,1,15
5/26/2014,2,1,15
5/26/2014,3,1,29
5/27/2014,1,1,13
5/27/2014,2,1,28
5/27/2014,3,1,26
5/28/2014,1,1,13
5/28/2014,2,1,22
5/28/2014,3,1,30
5/29/2014,1,1,20
5/29/2014,2,1,29
5/29/2014,3,1,30
5/30/2014,1,1,29
5/30/2014,2,1,35
5/30/2014,3,1,30
5/31/2014,1,1,31
5/31/2014,2,1,29
5/31/2014,3,1,35
6/1/2014,1,1,24
6/1/2014,2,1,39
6/1/2014,3,1,35
6/2/2014,1,1,16
6/2/2014,2,1,20
6/2/2014,3,1,24
6/3/2014,1,1,23
6/3/2014,2,1,31
6/3/2014,3,1,27
6/4/2014,1,1,20
6/4/2014,2,1,26
6/4/2014,3,1,22
6/5/2014,1,1,24
6/5/2014,2,1,24
6/5/2014,3,1,22
6/6/2014,1,1,23
6/6/2014,2,1,43
6/6/2014,3,1,22
6/7/2014,1,1,27
6/7/2014,2,1,37
6/7/2014,3,1,40
6/8/2014,1,1,29
6/8/2014,2,1,38
6/8/2014,3,1,34
6/9/2014,1,1,18
6/9/2014,2,1,23
6/9/2014,3,1,23
6/10/2014,1,1,14
6/10/2014,2,1,41
6/10/2014,3,1,34
6/11/2014,1,1,22
6/11/2014,2,1,33
6/11/2014,3,1,34
6/12/2014,1,1,22
6/12/2014,2,1,37
6/12/2014,3,1,31
6/13/2014,1,1,25
6/13/2014,2,1,36
6/13/2014,3,1,34
6/14/2014,1,1,29
6/14/2014,2,1,37
6/14/2014,3,1,39
6/15/2014,1,1,33
6/15/2014,2,1,39
6/15/2014,3,1,25
6/16/2014,1,1,25
6/16/2014,2,1,24
6/16/2014,3,1,23
6/17/2014,1,1,32
6/17/2014,2,1,23
6/17/2014,3,1,18
6/18/2014,1,1,20
6/18/2014,2,1,31
6/18/2014,3,1,23
6/19/2014,1,1,22
6/19/2014,2,1,29
6/19/2014,3,1,29
6/20/2014,1,1,19
6/20/2014,2,1,31
6/20/2014,3,1,26
6/21/2014,1,1,26
6/21/2014,2,1,40
6/21/2014,3,1,44
6/22/2014,1,1,37
6/22/2014,2,1,32
6/22/2014,3,1,31
6/23/2014,1,1,19
6/23/2014,2,1,26
6/23/2014,3,1,27
6/24/2014,1,1,24
6/24/2014,2,1,28
6/24/2014,3,1,31
6/25/2014,1,1,21
6/25/2014,2,1,30
6/25/2014,3,1,27
6/26/2014,1,1,18
6/26/2014,2,1,29
6/26/2014,3,1,22
6/27/2014,1,1,29
6/27/2014,2,1,29
6/27/2014,3,1,30
6/28/2014,1,1,34
6/28/2014,2,1,33
6/28/2014,3,1,28
6/29/2014,1,1,19
6/29/2014,2,1,42
6/29/2014,3,1,26
6/30/2014,1,1,16
6/30/2014,2,1,24
6/30/2014,3,1,19
7/1/2014,1,1,16
7/1/2014,2,1,31
7/1/2014,3,1,24
7/2/2014,1,1,24
7/2/2014,2,1,35
7/2/2014,3,1,25
7/3/2014,1,1,25
7/3/2014,2,1,32
7/3/2014,3,1,31
7/4/2014,1,1,28
7/4/2014,2,1,35
7/4/2014,3,1,31
7/5/2014,1,1,25
7/5/2014,2,1,30
7/5/2014,3,1,39
7/6/2014,1,1,34
7/6/2014,2,1,44
7/6/2014,3,1,24
7/7/2014,1,1,16
7/7/2014,2,1,30
7/7/2014,3,1,23
7/8/2014,1,1,25
7/8/2014,2,1,39
7/8/2014,3,1,26
7/9/2014,1,1,27
7/9/2014,2,1,35
7/9/2014,3,1,28
7/10/2014,1,1,23
7/10/2014,2,1,39
7/10/2014,3,1,22
7/11/2014,1,1,25
7/11/2014,2,1,36
7/11/2014,3,1,36
7/12/2014,1,1,22
7/12/2014,2,1,50
7/12/2014,3,1,39
7/13/2014,1,1,24
7/13/2014,2,1,35
7/13/2014,3,1,31
7/14/2014,1,1,21
7/14/2014,2,1,36
7/14/2014,3,1,36
7/15/2014,1,1,24
7/15/2014,2,1,34
7/15/2014,3,1,16
7/16/2014,1,1,17
7/16/2014,2,1,38
7/16/2014,3,1,44
7/17/2014,1,1,26
7/17/2014,2,1,34
7/17/2014,3,1,29
7/18/2014,1,1,25
7/18/2014,2,1,47
7/18/2014,3,1,33
7/19/2014,1,1,31
7/19/2014,2,1,33
7/19/2014,3,1,33
7/20/2014,1,1,26
7/20/2014,2,1,45
7/20/2014,3,1,43
7/21/2014,1,1,21
7/21/2014,2,1,31
7/21/2014,3,1,22
7/22/2014,1,1,30
7/22/2014,2,1,44
7/22/2014,3,1,31
7/23/2014,1,1,19
7/23/2014,2,1,24
7/23/2014,3,1,37
7/24/2014,1,1,26
7/24/2014,2,1,38
7/24/2014,3,1,29
7/25/2014,1,1,24
7/25/2014,2,1,45
7/25/2014,3,1,44
7/26/2014,1,1,29
7/26/2014,2,1,34
7/26/2014,3,1,34
7/27/2014,1,1,35
7/27/2014,2,1,40
7/27/2014,3,1,39
7/28/2014,1,1,11
7/28/2014,2,1,31
7/28/2014,3,1,29
7/29/2014,1,1,19
7/29/2014,2,1,25
7/29/2014,3,1,21
7/30/2014,1,1,25
7/30/2014,2,1,33
7/30/2014,3,1,19
7/31/2014,1,1,23
7/31/2014,2,1,33
7/31/2014,3,1,24
8/1/2014,1,1,12
8/1/2014,2,1,31
8/1/2014,3,1,34
8/2/2014,1,1,23
8/2/2014,2,1,40
8/2/2014,3,1,35
8/3/2014,1,1,27
8/3/2014,2,1,37
8/3/2014,3,1,28
8/4/2014,1,1,20
8/4/2014,2,1,23
8/4/2014,3,1,16
8/5/2014,1,1,19
8/5/2014,2,1,32
8/5/2014,3,1,16
8/6/2014,1,1,25
8/6/2014,2,1,23
8/6/2014,3,1,33
8/7/2014,1,1,21
8/7/2014,2,1,23
8/7/2014,3,1,27
8/8/2014,1,1,27
8/8/2014,2,1,40
8/8/2014,3,1,30
8/9/2014,1,1,27
8/9/2014,2,1,30
8/9/2014,3,1,20
8/10/2014,1,1,22
8/10/2014,2,1,29
8/10/2014,3,1,31
8/11/2014,1,1,22
8/11/2014,2,1,25
8/11/2014,3,1,17
8/12/2014,1,1,20
8/12/2014,2,1,32
8/12/2014,3,1,26
8/13/2014,1,1,11
8/13/2014,2,1,33
8/13/2014,3,1,23
8/14/2014,1,1,17
8/14/2014,2,1,24
8/14/2014,3,1,23
8/15/2014,1,1,21
8/15/2014,2,1,28
8/15/2014,3,1,26
8/16/2014,1,1,20
8/16/2014,2,1,24
8/16/2014,3,1,33
8/17/2014,1,1,31
8/17/2014,2,1,39
8/17/2014,3,1,30
8/18/2014,1,1,25
8/18/2014,2,1,27
8/18/2014,3,1,18
8/19/2014,1,1,15
8/19/2014,2,1,24
8/19/2014,3,1,34
8/20/2014,1,1,21
8/20/2014,2,1,23
8/20/2014,3,1,23
8/21/2014,1,1,20
8/21/2014,2,1,29
8/21/2014,3,1,29
8/22/2014,1,1,21
8/22/2014,2,1,34
8/22/2014,3,1,30
8/23/2014,1,1,26
8/23/2014,2,1,25
8/23/2014,3,1,35
8/24/2014,1,1,26
8/24/2014,2,1,36
8/24/2014,3,1,32
8/25/2014,1,1,12
8/25/2014,2,1,20
8/25/2014,3,1,26
8/26/2014,1,1,25
8/26/2014,2,1,28
8/26/2014,3,1,24
8/27/2014,1,1,21
8/27/2014,2,1,35
8/27/2014,3,1,31
8/28/2014,1,1,19
8/28/2014,2,1,34
8/28/2014,3,1,16
8/29/2014,1,1,17
8/29/2014,2,1,31
8/29/2014,3,1,27
8/30/2014,1,1,30
8/30/2014,2,1,35
8/30/2014,3,1,27
8/31/2014,1,1,28
8/31/2014,2,1,41
8/31/2014,3,1,24
9/1/2014,1,1,16
9/1/2014,2,1,23
9/1/2014,3,1,23
9/2/2014,1,1,15
9/2/2014,2,1,30
9/2/2014,3,1,20
9/3/2014,1,1,22
9/3/2014,2,1,24
9/3/2014,3,1,22
9/4/2014,1,1,26
9/4/2014,2,1,44
9/4/2014,3,1,27
9/5/2014,1,1,27
9/5/2014,2,1,26
9/5/2014,3,1,28
9/6/2014,1,1,21
9/6/2014,2,1,38
9/6/2014,3,1,28
9/7/2014,1,1,25
9/7/2014,2,1,30
9/7/2014,3,1,31
9/8/2014,1,1,12
9/8/2014,2,1,26
9/8/2014,3,1,21
9/9/2014,1,1,22
9/9/2014,2,1,25
9/9/2014,3,1,26
9/10/2014,1,1,16
9/10/2014,2,1,34
9/10/2014,3,1,21
9/11/2014,1,1,15
9/11/2014,2,1,22
9/11/2014,3,1,23
9/12/2014,1,1,25
9/12/2014,2,1,26
9/12/2014,3,1,28
9/13/2014,1,1,17
9/13/2014,2,1,28
9/13/2014,3,1,34
9/14/2014,1,1,26
9/14/2014,2,1,44
9/14/2014,3,1,31
9/15/2014,1,1,12
9/15/2014,2,1,29
9/15/2014,3,1,16
9/16/2014,1,1,15
9/16/2014,2,1,28
9/16/2014,3,1,19
9/17/2014,1,1,17
9/17/2014,2,1,21
9/17/2014,3,1,25
9/18/2014,1,1,18
9/18/2014,2,1,32
9/18/2014,3,1,26
9/19/2014,1,1,21
9/19/2014,2,1,30
9/19/2014,3,1,31
9/20/2014,1,1,21
9/20/2014,2,1,36
9/20/2014,3,1,24
9/21/2014,1,1,20
9/21/2014,2,1,24
9/21/2014,3,1,29
9/22/2014,1,1,15
9/22/2014,2,1,29
9/22/2014,3,1,16
9/23/2014,1,1,20
9/23/2014,2,1,19
9/23/2014,3,1,14
9/24/2014,1,1,14
9/24/2014,2,1,22
9/24/2014,3,1,25
9/25/2014,1,1,17
9/25/2014,2,1,35
9/25/2014,3,1,14
9/26/2014,1,1,23
9/26/2014,2,1,31
9/26/2014,3,1,26
9/27/2014,1,1,13
9/27/2014,2,1,35
9/27/2014,3,1,35
9/28/2014,1,1,22
9/28/2014,2,1,29
9/28/2014,3,1,27
9/29/2014,1,1,18
9/29/2014,2,1,26
9/29/2014,3,1,17
9/30/2014,1,1,15
9/30/2014,2,1,26
9/30/2014,3,1,21
10/1/2014,1,1,12
10/1/2014,2,1,21
10/1/2014,3,1,24
10/2/2014,1,1,15
10/2/2014,2,1,23
10/2/2014,3,1,28
10/3/2014,1,1,24
10/3/2014,2,1,35
10/3/2014,3,1,22
10/4/2014,1,1,27
10/4/2014,2,1,31
10/4/2014,3,1,20
10/5/2014,1,1,33
10/5/2014,2,1,34
10/5/2014,3,1,32
10/6/2014,1,1,9
10/6/2014,2,1,26
10/6/2014,3,1,13
10/7/2014,1,1,10
10/7/2014,2,1,27
10/7/2014,3,1,24
10/8/2014,1,1,25
10/8/2014,2,1,28
10/8/2014,3,1,26
10/9/2014,1,1,18
10/9/2014,2,1,25
10/9/2014,3,1,29
10/10/2014,1,1,19
10/10/2014,2,1,34
10/10/2014,3,1,22
10/11/2014,1,1,28
10/11/2014,2,1,28
10/11/2014,3,1,26
10/12/2014,1,1,29
10/12/2014,2,1,31
10/12/2014,3,1,29
10/13/2014,1,1,6
10/13/2014,2,1,28
10/13/2014,3,1,19
10/14/2014,1,1,20
10/14/2014,2,1,24
10/14/2014,3,1,26
10/15/2014,1,1,21
10/15/2014,2,1,22
10/15/2014,3,1,15
10/16/2014,1,1,17
10/16/2014,2,1,23
10/16/2014,3,1,29
10/17/2014,1,1,18
10/17/2014,2,1,26
10/17/2014,3,1,28
10/18/2014,1,1,22
10/18/2014,2,1,33
10/18/2014,3,1,40
10/19/2014,1,1,13
10/19/2014,2,1,31
10/19/2014,3,1,30
10/20/2014,1,1,8
10/20/2014,2,1,28
10/20/2014,3,1,13
10/21/2014,1,1,19
10/21/2014,2,1,24
10/21/2014,3,1,35
10/22/2014,1,1,14
10/22/2014,2,1,35
10/22/2014,3,1,14
10/23/2014,1,1,18
10/23/2014,2,1,26
10/23/2014,3,1,19
10/24/2014,1,1,17
10/24/2014,2,1,24
10/24/2014,3,1,20
10/25/2014,1,1,21
10/25/2014,2,1,38
10/25/2014,3,1,16
10/26/2014,1,1,22
10/26/2014,2,1,26
10/26/2014,3,1,21
10/27/2014,1,1,15
10/27/2014,2,1,22
10/27/2014,3,1,21
10/28/2014,1,1,12
10/28/2014,2,1,27
10/28/2014,3,1,20
10/29/2014,1,1,11
10/29/2014,2,1,27
10/29/2014,3,1,20
10/30/2014,1,1,12
10/30/2014,2,1,25
10/30/2014,3,1,27
10/31/2014,1,1,20
10/31/2014,2,1,25
10/31/2014,3,1,22
11/1/2014,1,1,17
11/1/2014,2,1,35
11/1/2014,3,1,26
11/2/2014,1,1,33
11/2/2014,2,1,30
11/2/2014,3,1,29
11/3/2014,1,1,16
11/3/2014,2,1,20
11/3/2014,3,1,14
11/4/2014,1,1,16
11/4/2014,2,1,25
11/4/2014,3,1,20
11/5/2014,1,1,15
11/5/2014,2,1,27
11/5/2014,3,1,22
11/6/2014,1,1,22
11/6/2014,2,1,40
11/6/2014,3,1,27
11/7/2014,1,1,22
11/7/2014,2,1,29
11/7/2014,3,1,34
11/8/2014,1,1,12
11/8/2014,2,1,28
11/8/2014,3,1,25
11/9/2014,1,1,28
11/9/2014,2,1,37
11/9/2014,3,1,22
11/10/2014,1,1,16
11/10/2014,2,1,24
11/10/2014,3,1,22
11/11/2014,1,1,12
11/11/2014,2,1,18
11/11/2014,3,1,26
11/12/2014,1,1,18
11/12/2014,2,1,22
11/12/2014,3,1,25
11/13/2014,1,1,18
11/13/2014,2,1,23
11/13/2014,3,1,21
11/14/2014,1,1,25
11/14/2014,2,1,29
11/14/2014,3,1,23
11/15/2014,1,1,24
11/15/2014,2,1,31
11/15/2014,3,1,32
11/16/2014,1,1,18
11/16/2014,2,1,33
11/16/2014,3,1,32
11/17/2014,1,1,17
11/17/2014,2,1,23
11/17/2014,3,1,23
11/18/2014,1,1,18
11/18/2014,2,1,27
11/18/2014,3,1,23
11/19/2014,1,1,19
11/19/2014,2,1,32
11/19/2014,3,1,28
11/20/2014,1,1,17
11/20/2014,2,1,33
11/20/2014,3,1,38
11/21/2014,1,1,28
11/21/2014,2,1,28
11/21/2014,3,1,34
11/22/2014,1,1,20
11/22/2014,2,1,28
11/22/2014,3,1,26
11/23/2014,1,1,29
11/23/2014,2,1,42
11/23/2014,3,1,22
11/24/2014,1,1,18
11/24/2014,2,1,28
11/24/2014,3,1,22
11/25/2014,1,1,19
11/25/2014,2,1,28
11/25/2014,3,1,26
11/26/2014,1,1,23
11/26/2014,2,1,33
11/26/2014,3,1,27
11/27/2014,1,1,23
11/27/2014,2,1,24
11/27/2014,3,1,31
11/28/2014,1,1,24
11/28/2014,2,1,34
11/28/2014,3,1,23
11/29/2014,1,1,28
11/29/2014,2,1,32
11/29/2014,3,1,27
11/30/2014,1,1,24
11/30/2014,2,1,32
11/30/2014,3,1,28
12/1/2014,1,1,10
12/1/2014,2,1,18
12/1/2014,3,1,14
12/2/2014,1,1,17
12/2/2014,2,1,18
12/2/2014,3,1,12
12/3/2014,1,1,9
12/3/2014,2,1,16
12/3/2014,3,1,14
12/4/2014,1,1,10
12/4/2014,2,1,23
12/4/2014,3,1,20
12/5/2014,1,1,14
12/5/2014,2,1,23
12/5/2014,3,1,21
12/6/2014,1,1,16
12/6/2014,2,1,20
12/6/2014,3,1,19
12/7/2014,1,1,11
12/7/2014,2,1,23
12/7/2014,3,1,16
12/8/2014,1,1,13
12/8/2014,2,1,20
12/8/2014,3,1,15
12/9/2014,1,1,13
12/9/2014,2,1,15
12/9/2014,3,1,20
12/10/2014,1,1,14
12/10/2014,2,1,17
12/10/2014,3,1,11
12/11/2014,1,1,12
12/11/2014,2,1,19
12/11/2014,3,1,15
12/12/2014,1,1,10
12/12/2014,2,1,15
12/12/2014,3,1,20
12/13/2014,1,1,16
12/13/2014,2,1,17
12/13/2014,3,1,23
12/14/2014,1,1,13
12/14/2014,2,1,20
12/14/2014,3,1,22
12/15/2014,1,1,14
12/15/2014,2,1,17
12/15/2014,3,1,17
12/16/2014,1,1,11
12/16/2014,2,1,25
12/16/2014,3,1,11
12/17/2014,1,1,15
12/17/2014,2,1,23
12/17/2014,3,1,28
12/18/2014,1,1,10
12/18/2014,2,1,21
12/18/2014,3,1,12
12/19/2014,1,1,11
12/19/2014,2,1,21
12/19/2014,3,1,17
12/20/2014,1,1,19
12/20/2014,2,1,17
12/20/2014,3,1,26
12/21/2014,1,1,18
12/21/2014,2,1,27
12/21/2014,3,1,21
12/22/2014,1,1,8
12/22/2014,2,1,22
12/22/2014,3,1,16
12/23/2014,1,1,13
12/23/2014,2,1,23
12/23/2014,3,1,24
12/24/2014,1,1,16
12/24/2014,2,1,24
12/24/2014,3,1,15
12/25/2014,1,1,20
12/25/2014,2,1,26
12/25/2014,3,1,16
12/26/2014,1,1,12
12/26/2014,2,1,25
12/26/2014,3,1,18
12/27/2014,1,1,15
12/27/2014,2,1,23
12/27/2014,3,1,20
12/28/2014,1,1,17
12/28/2014,2,1,19
12/28/2014,3,1,25
12/29/2014,1,1,9
12/29/2014,2,1,23
12/29/2014,3,1,12
12/30/2014,1,1,11
12/30/2014,2,1,20
12/30/2014,3,1,13
12/31/2014,1,1,12
12/31/2014,2,1,20
12/31/2014,3,1,11
1/1/2015,1,1,11
1/1/2015,2,1,20
1/1/2015,3,1,15
1/2/2015,1,1,19
1/2/2015,2,1,17
1/2/2015,3,1,16
1/3/2015,1,1,16
1/3/2015,2,1,26
1/3/2015,3,1,20
1/4/2015,1,1,14
1/4/2015,2,1,24
1/4/2015,3,1,18
1/5/2015,1,1,14
1/5/2015,2,1,10
1/5/2015,3,1,8
1/6/2015,1,1,9
1/6/2015,2,1,15
1/6/2015,3,1,15
1/7/2015,1,1,13
1/7/2015,2,1,12
1/7/2015,3,1,17
1/8/2015,1,1,18
1/8/2015,2,1,20
1/8/2015,3,1,18
1/9/2015,1,1,18
1/9/2015,2,1,17
1/9/2015,3,1,23
1/10/2015,1,1,17
1/10/2015,2,1,27
1/10/2015,3,1,23
1/11/2015,1,1,19
1/11/2015,2,1,21
1/11/2015,3,1,16
1/12/2015,1,1,9
1/12/2015,2,1,10
1/12/2015,3,1,13
1/13/2015,1,1,9
1/13/2015,2,1,20
1/13/2015,3,1,14
1/14/2015,1,1,15
1/14/2015,2,1,13
1/14/2015,3,1,10
1/15/2015,1,1,10
1/15/2015,2,1,12
1/15/2015,3,1,7
1/16/2015,1,1,15
1/16/2015,2,1,22
1/16/2015,3,1,16
1/17/2015,1,1,16
1/17/2015,2,1,22
1/17/2015,3,1,23
1/18/2015,1,1,15
1/18/2015,2,1,28
1/18/2015,3,1,23
1/19/2015,1,1,12
1/19/2015,2,1,11
1/19/2015,3,1,14
1/20/2015,1,1,12
1/20/2015,2,1,9
1/20/2015,3,1,16
1/21/2015,1,1,10
1/21/2015,2,1,22
1/21/2015,3,1,19
1/22/2015,1,1,8
1/22/2015,2,1,10
1/22/2015,3,1,13
1/23/2015,1,1,14
1/23/2015,2,1,29
1/23/2015,3,1,23
1/24/2015,1,1,20
1/24/2015,2,1,30
1/24/2015,3,1,17
1/25/2015,1,1,19
1/25/2015,2,1,26
1/25/2015,3,1,17
1/26/2015,1,1,12
1/26/2015,2,1,13
1/26/2015,3,1,16
1/27/2015,1,1,13
1/27/2015,2,1,16
1/27/2015,3,1,23
1/28/2015,1,1,13
1/28/2015,2,1,26
1/28/2015,3,1,13
1/29/2015,1,1,7
1/29/2015,2,1,17
1/29/2015,3,1,11
1/30/2015,1,1,12
1/30/2015,2,1,23
1/30/2015,3,1,16
1/31/2015,1,1,19
1/31/2015,2,1,23
1/31/2015,3,1,27
2/1/2015,1,1,17
2/1/2015,2,1,29
2/1/2015,3,1,21
2/2/2015,1,1,6
2/2/2015,2,1,17
2/2/2015,3,1,12
2/3/2015,1,1,10
2/3/2015,2,1,25
2/3/2015,3,1,10
2/4/2015,1,1,8
2/4/2015,2,1,20
2/4/2015,3,1,19
2/5/2015,1,1,18
2/5/2015,2,1,27
2/5/2015,3,1,18
2/6/2015,1,1,13
2/6/2015,2,1,21
2/6/2015,3,1,19
2/7/2015,1,1,13
2/7/2015,2,1,25
2/7/2015,3,1,22
2/8/2015,1,1,18
2/8/2015,2,1,25
2/8/2015,3,1,14
2/9/2015,1,1,12
2/9/2015,2,1,15
2/9/2015,3,1,17
2/10/2015,1,1,15
2/10/2015,2,1,16
2/10/2015,3,1,12
2/11/2015,1,1,19
2/11/2015,2,1,23
2/11/2015,3,1,17
2/12/2015,1,1,15
2/12/2015,2,1,18
2/12/2015,3,1,25
2/13/2015,1,1,13
2/13/2015,2,1,19
2/13/2015,3,1,18
2/14/2015,1,1,11
2/14/2015,2,1,27
2/14/2015,3,1,24
2/15/2015,1,1,18
2/15/2015,2,1,23
2/15/2015,3,1,19
2/16/2015,1,1,14
2/16/2015,2,1,17
2/16/2015,3,1,18
2/17/2015,1,1,16
2/17/2015,2,1,19
2/17/2015,3,1,9
2/18/2015,1,1,16
2/18/2015,2,1,6
2/18/2015,3,1,17
2/19/2015,1,1,11
2/19/2015,2,1,13
2/19/2015,3,1,17
2/20/2015,1,1,10
2/20/2015,2,1,28
2/20/2015,3,1,16
2/21/2015,1,1,19
2/21/2015,2,1,33
2/21/2015,3,1,18
2/22/2015,1,1,24
2/22/2015,2,1,31
2/22/2015,3,1,33
2/23/2015,1,1,9
2/23/2015,2,1,19
2/23/2015,3,1,14
2/24/2015,1,1,8
2/24/2015,2,1,19
2/24/2015,3,1,13
2/25/2015,1,1,13
2/25/2015,2,1,23
2/25/2015,3,1,18
2/26/2015,1,1,18
2/26/2015,2,1,14
2/26/2015,3,1,14
2/27/2015,1,1,17
2/27/2015,2,1,27
2/27/2015,3,1,17
2/28/2015,1,1,18
2/28/2015,2,1,24
2/28/2015,3,1,15
3/1/2015,1,1,18
3/1/2015,2,1,37
3/1/2015,3,1,19
3/2/2015,1,1,17
3/2/2015,2,1,24
3/2/2015,3,1,21
3/3/2015,1,1,14
3/3/2015,2,1,21
3/3/2015,3,1,18
3/4/2015,1,1,19
3/4/2015,2,1,28
3/4/2015,3,1,27
3/5/2015,1,1,10
3/5/2015,2,1,33
3/5/2015,3,1,17
3/6/2015,1,1,17
3/6/2015,2,1,29
3/6/2015,3,1,25
3/7/2015,1,1,16
3/7/2015,2,1,33
3/7/2015,3,1,28
3/8/2015,1,1,13
3/8/2015,2,1,31
3/8/2015,3,1,25
3/9/2015,1,1,13
3/9/2015,2,1,26
3/9/2015,3,1,10
3/10/2015,1,1,23
3/10/2015,2,1,26
3/10/2015,3,1,16
3/11/2015,1,1,21
3/11/2015,2,1,20
3/11/2015,3,1,21
3/12/2015,1,1,24
3/12/2015,2,1,32
3/12/2015,3,1,21
3/13/2015,1,1,25
3/13/2015,2,1,27
3/13/2015,3,1,26
3/14/2015,1,1,15
3/14/2015,2,1,17
3/14/2015,3,1,26
3/15/2015,1,1,20
3/15/2015,2,1,18
3/15/2015,3,1,21
3/16/2015,1,1,13
3/16/2015,2,1,19
3/16/2015,3,1,21
3/17/2015,1,1,15
3/17/2015,2,1,21
3/17/2015,3,1,22
3/18/2015,1,1,16
3/18/2015,2,1,24
3/18/2015,3,1,15
3/19/2015,1,1,17
3/19/2015,2,1,16
3/19/2015,3,1,21
3/20/2015,1,1,31
3/20/2015,2,1,34
3/20/2015,3,1,23
3/21/2015,1,1,25
3/21/2015,2,1,34
3/21/2015,3,1,27
3/22/2015,1,1,23
3/22/2015,2,1,39
3/22/2015,3,1,30
3/23/2015,1,1,16
3/23/2015,2,1,20
3/23/2015,3,1,17
3/24/2015,1,1,18
3/24/2015,2,1,26
3/24/2015,3,1,27
3/25/2015,1,1,13
3/25/2015,2,1,20
3/25/2015,3,1,21
3/26/2015,1,1,10
3/26/2015,2,1,25
3/26/2015,3,1,24
3/27/2015,1,1,16
3/27/2015,2,1,34
3/27/2015,3,1,26
3/28/2015,1,1,12
3/28/2015,2,1,35
3/28/2015,3,1,26
3/29/2015,1,1,25
3/29/2015,2,1,22
3/29/2015,3,1,41
3/30/2015,1,1,19
3/30/2015,2,1,21
3/30/2015,3,1,14
3/31/2015,1,1,18
3/31/2015,2,1,29
3/31/2015,3,1,16
4/1/2015,1,1,24
4/1/2015,2,1,22
4/1/2015,3,1,20
4/2/2015,1,1,20
4/2/2015,2,1,27
4/2/2015,3,1,29
4/3/2015,1,1,27
4/3/2015,2,1,34
4/3/2015,3,1,32
4/4/2015,1,1,26
4/4/2015,2,1,37
4/4/2015,3,1,32
4/5/2015,1,1,20
4/5/2015,2,1,32
4/5/2015,3,1,30
4/6/2015,1,1,20
4/6/2015,2,1,30
4/6/2015,3,1,23
4/7/2015,1,1,19
4/7/2015,2,1,33
4/7/2015,3,1,26
4/8/2015,1,1,17
4/8/2015,2,1,25
4/8/2015,3,1,28
4/9/2015,1,1,20
4/9/2015,2,1,28
4/9/2015,3,1,31
4/10/2015,1,1,24
4/10/2015,2,1,35
4/10/2015,3,1,24
4/11/2015,1,1,17
4/11/2015,2,1,29
4/11/2015,3,1,38
4/12/2015,1,1,21
4/12/2015,2,1,33
4/12/2015,3,1,32
4/13/2015,1,1,14
4/13/2015,2,1,26
4/13/2015,3,1,24
4/14/2015,1,1,26
4/14/2015,2,1,25
4/14/2015,3,1,38
4/15/2015,1,1,26
4/15/2015,2,1,19
4/15/2015,3,1,28
4/16/2015,1,1,20
4/16/2015,2,1,25
4/16/2015,3,1,27
4/17/2015,1,1,22
4/17/2015,2,1,25
4/17/2015,3,1,23
4/18/2015,1,1,23
4/18/2015,2,1,37
4/18/2015,3,1,34
4/19/2015,1,1,24
4/19/2015,2,1,25
4/19/2015,3,1,22
4/20/2015,1,1,17
4/20/2015,2,1,19
4/20/2015,3,1,22
4/21/2015,1,1,25
4/21/2015,2,1,24
4/21/2015,3,1,19
4/22/2015,1,1,19
4/22/2015,2,1,31
4/22/2015,3,1,18
4/23/2015,1,1,17
4/23/2015,2,1,20
4/23/2015,3,1,22
4/24/2015,1,1,11
4/24/2015,2,1,33
4/24/2015,3,1,23
4/25/2015,1,1,29
4/25/2015,2,1,29
4/25/2015,3,1,36
4/26/2015,1,1,30
4/26/2015,2,1,35
4/26/2015,3,1,39
4/27/2015,1,1,22
4/27/2015,2,1,18
4/27/2015,3,1,26
4/28/2015,1,1,27
4/28/2015,2,1,24
4/28/2015,3,1,17
4/29/2015,1,1,18
4/29/2015,2,1,28
4/29/2015,3,1,23
4/30/2015,1,1,27
4/30/2015,2,1,40
4/30/2015,3,1,27
5/1/2015,1,1,20
5/1/2015,2,1,37
5/1/2015,3,1,32
5/2/2015,1,1,22
5/2/2015,2,1,41
5/2/2015,3,1,43
5/3/2015,1,1,33
5/3/2015,2,1,37
5/3/2015,3,1,34
5/4/2015,1,1,14
5/4/2015,2,1,22
5/4/2015,3,1,21
5/5/2015,1,1,25
5/5/2015,2,1,26
5/5/2015,3,1,31
5/6/2015,1,1,13
5/6/2015,2,1,37
5/6/2015,3,1,28
5/7/2015,1,1,23
5/7/2015,2,1,32
5/7/2015,3,1,31
5/8/2015,1,1,22
5/8/2015,2,1,33
5/8/2015,3,1,32
5/9/2015,1,1,29
5/9/2015,2,1,32
5/9/2015,3,1,36
5/10/2015,1,1,29
5/10/2015,2,1,40
5/10/2015,3,1,37
5/11/2015,1,1,24
5/11/2015,2,1,23
5/11/2015,3,1,22
5/12/2015,1,1,21
5/12/2015,2,1,30
5/12/2015,3,1,23
5/13/2015,1,1,14
5/13/2015,2,1,25
5/13/2015,3,1,19
5/14/2015,1,1,17
5/14/2015,2,1,39
5/14/2015,3,1,21
5/15/2015,1,1,27
5/15/2015,2,1,32
5/15/2015,3,1,29
5/16/2015,1,1,31
5/16/2015,2,1,32
5/16/2015,3,1,33
5/17/2015,1,1,27
5/17/2015,2,1,39
5/17/2015,3,1,33
5/18/2015,1,1,11
5/18/2015,2,1,22
5/18/2015,3,1,27
5/19/2015,1,1,28
5/19/2015,2,1,34
5/19/2015,3,1,26
5/20/2015,1,1,17
5/20/2015,2,1,16
5/20/2015,3,1,27
5/21/2015,1,1,27
5/21/2015,2,1,28
5/21/2015,3,1,31
5/22/2015,1,1,22
5/22/2015,2,1,36
5/22/2015,3,1,30
5/23/2015,1,1,24
5/23/2015,2,1,53
5/23/2015,3,1,30
5/24/2015,1,1,27
5/24/2015,2,1,32
5/24/2015,3,1,29
5/25/2015,1,1,19
5/25/2015,2,1,25
5/25/2015,3,1,21
5/26/2015,1,1,19
5/26/2015,2,1,33
5/26/2015,3,1,28
5/27/2015,1,1,22
5/27/2015,2,1,21
5/27/2015,3,1,19
5/28/2015,1,1,23
5/28/2015,2,1,25
5/28/2015,3,1,29
5/29/2015,1,1,18
5/29/2015,2,1,30
5/29/2015,3,1,34
5/30/2015,1,1,36
5/30/2015,2,1,27
5/30/2015,3,1,29
5/31/2015,1,1,27
5/31/2015,2,1,38
5/31/2015,3,1,25
6/1/2015,1,1,23
6/1/2015,2,1,28
6/1/2015,3,1,23
6/2/2015,1,1,15
6/2/2015,2,1,36
6/2/2015,3,1,34
6/3/2015,1,1,23
6/3/2015,2,1,31
6/3/2015,3,1,28
6/4/2015,1,1,25
6/4/2015,2,1,35
6/4/2015,3,1,36
6/5/2015,1,1,18
6/5/2015,2,1,41
6/5/2015,3,1,31
6/6/2015,1,1,43
6/6/2015,2,1,49
6/6/2015,3,1,39
6/7/2015,1,1,22
6/7/2015,2,1,46
6/7/2015,3,1,46
6/8/2015,1,1,18
6/8/2015,2,1,26
6/8/2015,3,1,19
6/9/2015,1,1,19
6/9/2015,2,1,31
6/9/2015,3,1,32
6/10/2015,1,1,22
6/10/2015,2,1,28
6/10/2015,3,1,22
6/11/2015,1,1,29
6/11/2015,2,1,29
6/11/2015,3,1,27
6/12/2015,1,1,23
6/12/2015,2,1,42
6/12/2015,3,1,25
6/13/2015,1,1,28
6/13/2015,2,1,38
6/13/2015,3,1,31
6/14/2015,1,1,30
6/14/2015,2,1,45
6/14/2015,3,1,40
6/15/2015,1,1,19
6/15/2015,2,1,31
6/15/2015,3,1,12
6/16/2015,1,1,17
6/16/2015,2,1,39
6/16/2015,3,1,21
6/17/2015,1,1,28
6/17/2015,2,1,30
6/17/2015,3,1,36
6/18/2015,1,1,29
6/18/2015,2,1,36
6/18/2015,3,1,31
6/19/2015,1,1,20
6/19/2015,2,1,41
6/19/2015,3,1,34
6/20/2015,1,1,30
6/20/2015,2,1,48
6/20/2015,3,1,29
6/21/2015,1,1,34
6/21/2015,2,1,37
6/21/2015,3,1,44
6/22/2015,1,1,14
6/22/2015,2,1,25
6/22/2015,3,1,30
6/23/2015,1,1,27
6/23/2015,2,1,31
6/23/2015,3,1,26
6/24/2015,1,1,26
6/24/2015,2,1,24
6/24/2015,3,1,31
6/25/2015,1,1,21
6/25/2015,2,1,33
6/25/2015,3,1,33
6/26/2015,1,1,30
6/26/2015,2,1,35
6/26/2015,3,1,23
6/27/2015,1,1,31
6/27/2015,2,1,31
6/27/2015,3,1,32
6/28/2015,1,1,35
6/28/2015,2,1,51
6/28/2015,3,1,34
6/29/2015,1,1,26
6/29/2015,2,1,31
6/29/2015,3,1,29
6/30/2015,1,1,23
6/30/2015,2,1,27
6/30/2015,3,1,26
7/1/2015,1,1,21
7/1/2015,2,1,33
7/1/2015,3,1,30
7/2/2015,1,1,26
7/2/2015,2,1,40
7/2/2015,3,1,32
7/3/2015,1,1,30
7/3/2015,2,1,46
7/3/2015,3,1,37
7/4/2015,1,1,40
7/4/2015,2,1,51
7/4/2015,3,1,26
7/5/2015,1,1,30
7/5/2015,2,1,43
7/5/2015,3,1,39
7/6/2015,1,1,20
7/6/2015,2,1,33
7/6/2015,3,1,31
7/7/2015,1,1,24
7/7/2015,2,1,45
7/7/2015,3,1,37
7/8/2015,1,1,21
7/8/2015,2,1,41
7/8/2015,3,1,24
7/9/2015,1,1,33
7/9/2015,2,1,43
7/9/2015,3,1,29
7/10/2015,1,1,26
7/10/2015,2,1,29
7/10/2015,3,1,37
7/11/2015,1,1,30
7/11/2015,2,1,31
7/11/2015,3,1,32
7/12/2015,1,1,19
7/12/2015,2,1,42
7/12/2015,3,1,41
7/13/2015,1,1,22
7/13/2015,2,1,44
7/13/2015,3,1,23
7/14/2015,1,1,19
7/14/2015,2,1,41
7/14/2015,3,1,25
7/15/2015,1,1,20
7/15/2015,2,1,35
7/15/2015,3,1,26
7/16/2015,1,1,41
7/16/2015,2,1,37
7/16/2015,3,1,36
7/17/2015,1,1,31
7/17/2015,2,1,43
7/17/2015,3,1,28
7/18/2015,1,1,38
7/18/2015,2,1,50
7/18/2015,3,1,35
7/19/2015,1,1,38
7/19/2015,2,1,35
7/19/2015,3,1,41
7/20/2015,1,1,22
7/20/2015,2,1,23
7/20/2015,3,1,18
7/21/2015,1,1,29
7/21/2015,2,1,37
7/21/2015,3,1,30
7/22/2015,1,1,27
7/22/2015,2,1,21
7/22/2015,3,1,33
7/23/2015,1,1,17
7/23/2015,2,1,36
7/23/2015,3,1,30
7/24/2015,1,1,29
7/24/2015,2,1,35
7/24/2015,3,1,29
7/25/2015,1,1,34
7/25/2015,2,1,43
7/25/2015,3,1,37
7/26/2015,1,1,38
7/26/2015,2,1,49
7/26/2015,3,1,32
7/27/2015,1,1,13
7/27/2015,2,1,34
7/27/2015,3,1,20
7/28/2015,1,1,27
7/28/2015,2,1,30
7/28/2015,3,1,33
7/29/2015,1,1,26
7/29/2015,2,1,23
7/29/2015,3,1,31
7/30/2015,1,1,22
7/30/2015,2,1,35
7/30/2015,3,1,50
7/31/2015,1,1,29
7/31/2015,2,1,47
7/31/2015,3,1,32
8/1/2015,1,1,28
8/1/2015,2,1,28
8/1/2015,3,1,31
8/2/2015,1,1,19
8/2/2015,2,1,19
8/2/2015,3,1,38
8/3/2015,1,1,20
8/3/2015,2,1,28
8/3/2015,3,1,22
8/4/2015,1,1,26
8/4/2015,2,1,32
8/4/2015,3,1,27
8/5/2015,1,1,20
8/5/2015,2,1,30
8/5/2015,3,1,21
8/6/2015,1,1,25
8/6/2015,2,1,44
8/6/2015,3,1,17
8/7/2015,1,1,22
8/7/2015,2,1,31
8/7/2015,3,1,29
8/8/2015,1,1,19
8/8/2015,2,1,37
8/8/2015,3,1,36
8/9/2015,1,1,33
8/9/2015,2,1,40
8/9/2015,3,1,39
8/10/2015,1,1,14
8/10/2015,2,1,33
8/10/2015,3,1,20
8/11/2015,1,1,16
8/11/2015,2,1,35
8/11/2015,3,1,34
8/12/2015,1,1,24
8/12/2015,2,1,26
8/12/2015,3,1,24
8/13/2015,1,1,25
8/13/2015,2,1,34
8/13/2015,3,1,27
8/14/2015,1,1,23
8/14/2015,2,1,29
8/14/2015,3,1,26
8/15/2015,1,1,26
8/15/2015,2,1,35
8/15/2015,3,1,31
8/16/2015,1,1,27
8/16/2015,2,1,30
8/16/2015,3,1,47
8/17/2015,1,1,14
8/17/2015,2,1,30
8/17/2015,3,1,31
8/18/2015,1,1,18
8/18/2015,2,1,22
8/18/2015,3,1,34
8/19/2015,1,1,24
8/19/2015,2,1,37
8/19/2015,3,1,24
8/20/2015,1,1,17
8/20/2015,2,1,33
8/20/2015,3,1,27
8/21/2015,1,1,29
8/21/2015,2,1,28
8/21/2015,3,1,37
8/22/2015,1,1,22
8/22/2015,2,1,40
8/22/2015,3,1,38
8/23/2015,1,1,19
8/23/2015,2,1,33
8/23/2015,3,1,31
8/24/2015,1,1,19
8/24/2015,2,1,26
8/24/2015,3,1,18
8/25/2015,1,1,22
8/25/2015,2,1,24
8/25/2015,3,1,27
8/26/2015,1,1,26
8/26/2015,2,1,23
8/26/2015,3,1,31
8/27/2015,1,1,23
8/27/2015,2,1,38
8/27/2015,3,1,25
8/28/2015,1,1,25
8/28/2015,2,1,32
8/28/2015,3,1,37
8/29/2015,1,1,36
8/29/2015,2,1,28
8/29/2015,3,1,27
8/30/2015,1,1,25
8/30/2015,2,1,41
8/30/2015,3,1,39
8/31/2015,1,1,20
8/31/2015,2,1,26
8/31/2015,3,1,15
9/1/2015,1,1,27
9/1/2015,2,1,30
9/1/2015,3,1,24
9/2/2015,1,1,22
9/2/2015,2,1,31
9/2/2015,3,1,20
9/3/2015,1,1,16
9/3/2015,2,1,25
9/3/2015,3,1,31
9/4/2015,1,1,16
9/4/2015,2,1,34
9/4/2015,3,1,31
9/5/2015,1,1,34
9/5/2015,2,1,28
9/5/2015,3,1,39
9/6/2015,1,1,25
9/6/2015,2,1,36
9/6/2015,3,1,37
9/7/2015,1,1,17
9/7/2015,2,1,26
9/7/2015,3,1,18
9/8/2015,1,1,25
9/8/2015,2,1,24
9/8/2015,3,1,26
9/9/2015,1,1,13
9/9/2015,2,1,24
9/9/2015,3,1,35
9/10/2015,1,1,25
9/10/2015,2,1,23
9/10/2015,3,1,31
9/11/2015,1,1,28
9/11/2015,2,1,27
9/11/2015,3,1,26
9/12/2015,1,1,24
9/12/2015,2,1,37
9/12/2015,3,1,29
9/13/2015,1,1,28
9/13/2015,2,1,37
9/13/2015,3,1,23
9/14/2015,1,1,22
9/14/2015,2,1,27
9/14/2015,3,1,19
9/15/2015,1,1,21
9/15/2015,2,1,22
9/15/2015,3,1,30
9/16/2015,1,1,23
9/16/2015,2,1,28
9/16/2015,3,1,23
9/17/2015,1,1,19
9/17/2015,2,1,35
9/17/2015,3,1,26
9/18/2015,1,1,16
9/18/2015,2,1,28
9/18/2015,3,1,29
9/19/2015,1,1,40
9/19/2015,2,1,26
9/19/2015,3,1,30
9/20/2015,1,1,28
9/20/2015,2,1,35
9/20/2015,3,1,30
9/21/2015,1,1,18
9/21/2015,2,1,24
9/21/2015,3,1,29
9/22/2015,1,1,20
9/22/2015,2,1,25
9/22/2015,3,1,30
9/23/2015,1,1,22
9/23/2015,2,1,19
9/23/2015,3,1,32
9/24/2015,1,1,28
9/24/2015,2,1,27
9/24/2015,3,1,22
9/25/2015,1,1,20
9/25/2015,2,1,28
9/25/2015,3,1,28
9/26/2015,1,1,20
9/26/2015,2,1,41
9/26/2015,3,1,24
9/27/2015,1,1,32
9/27/2015,2,1,29
9/27/2015,3,1,35
9/28/2015,1,1,15
9/28/2015,2,1,25
9/28/2015,3,1,23
9/29/2015,1,1,19
9/29/2015,2,1,22
9/29/2015,3,1,31
9/30/2015,1,1,15
9/30/2015,2,1,21
9/30/2015,3,1,18
10/1/2015,1,1,25
10/1/2015,2,1,28
10/1/2015,3,1,27
10/2/2015,1,1,12
10/2/2015,2,1,33
10/2/2015,3,1,23
10/3/2015,1,1,20
10/3/2015,2,1,25
10/3/2015,3,1,27
10/4/2015,1,1,22
10/4/2015,2,1,33
10/4/2015,3,1,26
10/5/2015,1,1,13
10/5/2015,2,1,21
10/5/2015,3,1,19
10/6/2015,1,1,14
10/6/2015,2,1,31
10/6/2015,3,1,19
10/7/2015,1,1,19
10/7/2015,2,1,20
10/7/2015,3,1,21
10/8/2015,1,1,21
10/8/2015,2,1,27
10/8/2015,3,1,19
10/9/2015,1,1,27
10/9/2015,2,1,29
10/9/2015,3,1,16
10/10/2015,1,1,22
10/10/2015,2,1,45
10/10/2015,3,1,29
10/11/2015,1,1,25
10/11/2015,2,1,35
10/11/2015,3,1,30
10/12/2015,1,1,12
10/12/2015,2,1,29
10/12/2015,3,1,12
10/13/2015,1,1,24
10/13/2015,2,1,31
10/13/2015,3,1,23
10/14/2015,1,1,26
10/14/2015,2,1,22
10/14/2015,3,1,24
10/15/2015,1,1,19
10/15/2015,2,1,24
10/15/2015,3,1,29
10/16/2015,1,1,23
10/16/2015,2,1,30
10/16/2015,3,1,21
10/17/2015,1,1,22
10/17/2015,2,1,38
10/17/2015,3,1,25
10/18/2015,1,1,25
10/18/2015,2,1,34
10/18/2015,3,1,42
10/19/2015,1,1,19
10/19/2015,2,1,14
10/19/2015,3,1,16
10/20/2015,1,1,21
10/20/2015,2,1,29
10/20/2015,3,1,26
10/21/2015,1,1,24
10/21/2015,2,1,29
10/21/2015,3,1,14
10/22/2015,1,1,17
10/22/2015,2,1,34
10/22/2015,3,1,29
10/23/2015,1,1,28
10/23/2015,2,1,39
10/23/2015,3,1,27
10/24/2015,1,1,24
10/24/2015,2,1,34
10/24/2015,3,1,14
10/25/2015,1,1,33
10/25/2015,2,1,29
10/25/2015,3,1,31
10/26/2015,1,1,18
10/26/2015,2,1,23
10/26/2015,3,1,23
10/27/2015,1,1,18
10/27/2015,2,1,24
10/27/2015,3,1,24
10/28/2015,1,1,8
10/28/2015,2,1,41
10/28/2015,3,1,20
10/29/2015,1,1,17
10/29/2015,2,1,32
10/29/2015,3,1,31
10/30/2015,1,1,19
10/30/2015,2,1,32
10/30/2015,3,1,28
10/31/2015,1,1,30
10/31/2015,2,1,39
10/31/2015,3,1,31
11/1/2015,1,1,26
11/1/2015,2,1,29
11/1/2015,3,1,30
11/2/2015,1,1,16
11/2/2015,2,1,28
11/2/2015,3,1,16
11/3/2015,1,1,25
11/3/2015,2,1,25
11/3/2015,3,1,21
11/4/2015,1,1,26
11/4/2015,2,1,25
11/4/2015,3,1,32
11/5/2015,1,1,21
11/5/2015,2,1,33
11/5/2015,3,1,25
11/6/2015,1,1,24
11/6/2015,2,1,38
11/6/2015,3,1,26
11/7/2015,1,1,25
11/7/2015,2,1,29
11/7/2015,3,1,29
11/8/2015,1,1,25
11/8/2015,2,1,42
11/8/2015,3,1,39
11/9/2015,1,1,16
11/9/2015,2,1,23
11/9/2015,3,1,23
11/10/2015,1,1,15
11/10/2015,2,1,24
11/10/2015,3,1,21
11/11/2015,1,1,24
11/11/2015,2,1,32
11/11/2015,3,1,27
11/12/2015,1,1,19
11/12/2015,2,1,29
11/12/2015,3,1,15
11/13/2015,1,1,21
11/13/2015,2,1,43
11/13/2015,3,1,21
11/14/2015,1,1,37
11/14/2015,2,1,25
11/14/2015,3,1,24
11/15/2015,1,1,31
11/15/2015,2,1,35
11/15/2015,3,1,38
11/16/2015,1,1,14
11/16/2015,2,1,24
11/16/2015,3,1,24
11/17/2015,1,1,19
11/17/2015,2,1,30
11/17/2015,3,1,31
11/18/2015,1,1,30
11/18/2015,2,1,23
11/18/2015,3,1,27
11/19/2015,1,1,26
11/19/2015,2,1,35
11/19/2015,3,1,22
11/20/2015,1,1,27
11/20/2015,2,1,34
11/20/2015,3,1,40
11/21/2015,1,1,22
11/21/2015,2,1,30
11/21/2015,3,1,28
11/22/2015,1,1,30
11/22/2015,2,1,32
11/22/2015,3,1,37
11/23/2015,1,1,21
11/23/2015,2,1,20
11/23/2015,3,1,25
11/24/2015,1,1,20
11/24/2015,2,1,29
11/24/2015,3,1,20
11/25/2015,1,1,16
11/25/2015,2,1,24
11/25/2015,3,1,16
11/26/2015,1,1,19
11/26/2015,2,1,25
11/26/2015,3,1,20
11/27/2015,1,1,33
11/27/2015,2,1,31
11/27/2015,3,1,27
11/28/2015,1,1,24
11/28/2015,2,1,38
11/28/2015,3,1,42
11/29/2015,1,1,27
11/29/2015,2,1,39
11/29/2015,3,1,35
11/30/2015,1,1,5
11/30/2015,2,1,27
11/30/2015,3,1,14
12/1/2015,1,1,13
12/1/2015,2,1,18
12/1/2015,3,1,18
12/2/2015,1,1,12
12/2/2015,2,1,24
12/2/2015,3,1,23
12/3/2015,1,1,14
12/3/2015,2,1,20
12/3/2015,3,1,13
12/4/2015,1,1,29
12/4/2015,2,1,27
12/4/2015,3,1,14
12/5/2015,1,1,12
12/5/2015,2,1,20
12/5/2015,3,1,22
12/6/2015,1,1,14
12/6/2015,2,1,22
12/6/2015,3,1,23
12/7/2015,1,1,14
12/7/2015,2,1,21
12/7/2015,3,1,17
12/8/2015,1,1,13
12/8/2015,2,1,21
12/8/2015,3,1,18
12/9/2015,1,1,18
12/9/2015,2,1,19
12/9/2015,3,1,13
12/10/2015,1,1,14
12/10/2015,2,1,23
12/10/2015,3,1,21
12/11/2015,1,1,21
12/11/2015,2,1,18
12/11/2015,3,1,14
12/12/2015,1,1,23
12/12/2015,2,1,16
12/12/2015,3,1,18
12/13/2015,1,1,14
12/13/2015,2,1,23
12/13/2015,3,1,21
12/14/2015,1,1,10
12/14/2015,2,1,15
12/14/2015,3,1,18
12/15/2015,1,1,12
12/15/2015,2,1,18
12/15/2015,3,1,18
12/16/2015,1,1,19
12/16/2015,2,1,21
12/16/2015,3,1,25
12/17/2015,1,1,9
12/17/2015,2,1,21
12/17/2015,3,1,15
12/18/2015,1,1,19
12/18/2015,2,1,31
12/18/2015,3,1,19
12/19/2015,1,1,21
12/19/2015,2,1,17
12/19/2015,3,1,21
12/20/2015,1,1,17
12/20/2015,2,1,14
12/20/2015,3,1,25
12/21/2015,1,1,10
12/21/2015,2,1,13
12/21/2015,3,1,7
12/22/2015,1,1,13
12/22/2015,2,1,21
12/22/2015,3,1,16
12/23/2015,1,1,14
12/23/2015,2,1,19
12/23/2015,3,1,14
12/24/2015,1,1,7
12/24/2015,2,1,25
12/24/2015,3,1,19
12/25/2015,1,1,19
12/25/2015,2,1,29
12/25/2015,3,1,21
12/26/2015,1,1,13
12/26/2015,2,1,19
12/26/2015,3,1,22
12/27/2015,1,1,17
12/27/2015,2,1,29
12/27/2015,3,1,22
12/28/2015,1,1,4
12/28/2015,2,1,22
12/28/2015,3,1,15
12/29/2015,1,1,12
12/29/2015,2,1,17
12/29/2015,3,1,21
12/30/2015,1,1,15
12/30/2015,2,1,25
12/30/2015,3,1,16
12/31/2015,1,1,18
12/31/2015,2,1,25
12/31/2015,3,1,23
1/1/2016,1,1,21
1/1/2016,2,1,31
1/1/2016,3,1,23
1/2/2016,1,1,13
1/2/2016,2,1,20
1/2/2016,3,1,22
1/3/2016,1,1,12
1/3/2016,2,1,34
1/3/2016,3,1,19
1/4/2016,1,1,12
1/4/2016,2,1,17
1/4/2016,3,1,14
1/5/2016,1,1,12
1/5/2016,2,1,22
1/5/2016,3,1,13
1/6/2016,1,1,16
1/6/2016,2,1,16
1/6/2016,3,1,19
1/7/2016,1,1,12
1/7/2016,2,1,22
1/7/2016,3,1,17
1/8/2016,1,1,12
1/8/2016,2,1,23
1/8/2016,3,1,10
1/9/2016,1,1,16
1/9/2016,2,1,24
1/9/2016,3,1,25
1/10/2016,1,1,26
1/10/2016,2,1,24
1/10/2016,3,1,20
1/11/2016,1,1,7
1/11/2016,2,1,23
1/11/2016,3,1,14
1/12/2016,1,1,13
1/12/2016,2,1,22
1/12/2016,3,1,18
1/13/2016,1,1,9
1/13/2016,2,1,22
1/13/2016,3,1,22
1/14/2016,1,1,18
1/14/2016,2,1,18
1/14/2016,3,1,16
1/15/2016,1,1,13
1/15/2016,2,1,22
1/15/2016,3,1,22
1/16/2016,1,1,8
1/16/2016,2,1,15
1/16/2016,3,1,22
1/17/2016,1,1,13
1/17/2016,2,1,24
1/17/2016,3,1,19
1/18/2016,1,1,7
1/18/2016,2,1,17
1/18/2016,3,1,19
1/19/2016,1,1,17
1/19/2016,2,1,14
1/19/2016,3,1,20
1/20/2016,1,1,13
1/20/2016,2,1,14
1/20/2016,3,1,14
1/21/2016,1,1,12
1/21/2016,2,1,11
1/21/2016,3,1,14
1/22/2016,1,1,15
1/22/2016,2,1,17
1/22/2016,3,1,16
1/23/2016,1,1,23
1/23/2016,2,1,24
1/23/2016,3,1,19
1/24/2016,1,1,21
1/24/2016,2,1,14
1/24/2016,3,1,18
1/25/2016,1,1,15
1/25/2016,2,1,19
1/25/2016,3,1,18
1/26/2016,1,1,18
1/26/2016,2,1,24
1/26/2016,3,1,22
1/27/2016,1,1,14
1/27/2016,2,1,30
1/27/2016,3,1,23
1/28/2016,1,1,17
1/28/2016,2,1,18
1/28/2016,3,1,18
1/29/2016,1,1,16
1/29/2016,2,1,23
1/29/2016,3,1,17
1/30/2016,1,1,14
1/30/2016,2,1,27
1/30/2016,3,1,18
1/31/2016,1,1,14
1/31/2016,2,1,19
1/31/2016,3,1,20
2/1/2016,1,1,16
2/1/2016,2,1,13
2/1/2016,3,1,12
2/2/2016,1,1,16
2/2/2016,2,1,20
2/2/2016,3,1,24
2/3/2016,1,1,19
2/3/2016,2,1,15
2/3/2016,3,1,25
2/4/2016,1,1,9
2/4/2016,2,1,23
2/4/2016,3,1,22
2/5/2016,1,1,14
2/5/2016,2,1,26
2/5/2016,3,1,19
2/6/2016,1,1,14
2/6/2016,2,1,26
2/6/2016,3,1,28
2/7/2016,1,1,18
2/7/2016,2,1,33
2/7/2016,3,1,24
2/8/2016,1,1,12
2/8/2016,2,1,16
2/8/2016,3,1,19
2/9/2016,1,1,14
2/9/2016,2,1,27
2/9/2016,3,1,19
2/10/2016,1,1,16
2/10/2016,2,1,29
2/10/2016,3,1,21
2/11/2016,1,1,14
2/11/2016,2,1,27
2/11/2016,3,1,24
2/12/2016,1,1,15
2/12/2016,2,1,28
2/12/2016,3,1,25
2/13/2016,1,1,10
2/13/2016,2,1,35
2/13/2016,3,1,22
2/14/2016,1,1,23
2/14/2016,2,1,24
2/14/2016,3,1,29
2/15/2016,1,1,8
2/15/2016,2,1,15
2/15/2016,3,1,22
2/16/2016,1,1,19
2/16/2016,2,1,20
2/16/2016,3,1,26
2/17/2016,1,1,29
2/17/2016,2,1,21
2/17/2016,3,1,21
2/18/2016,1,1,17
2/18/2016,2,1,21
2/18/2016,3,1,20
2/19/2016,1,1,18
2/19/2016,2,1,36
2/19/2016,3,1,22
2/20/2016,1,1,18
2/20/2016,2,1,36
2/20/2016,3,1,21
2/21/2016,1,1,21
2/21/2016,2,1,21
2/21/2016,3,1,25
2/22/2016,1,1,16
2/22/2016,2,1,21
2/22/2016,3,1,11
2/23/2016,1,1,16
2/23/2016,2,1,18
2/23/2016,3,1,17
2/24/2016,1,1,10
2/24/2016,2,1,21
2/24/2016,3,1,26
2/25/2016,1,1,12
2/25/2016,2,1,20
2/25/2016,3,1,22
2/26/2016,1,1,9
2/26/2016,2,1,24
2/26/2016,3,1,22
2/27/2016,1,1,21
2/27/2016,2,1,22
2/27/2016,3,1,19
2/28/2016,1,1,12
2/28/2016,2,1,29
2/28/2016,3,1,23
2/29/2016,1,1,14
2/29/2016,2,1,18
2/29/2016,3,1,18
3/1/2016,1,1,16
3/1/2016,2,1,27
3/1/2016,3,1,19
3/2/2016,1,1,17
3/2/2016,2,1,28
3/2/2016,3,1,25
3/3/2016,1,1,20
3/3/2016,2,1,28
3/3/2016,3,1,25
3/4/2016,1,1,17
3/4/2016,2,1,30
3/4/2016,3,1,19
3/5/2016,1,1,17
3/5/2016,2,1,41
3/5/2016,3,1,28
3/6/2016,1,1,22
3/6/2016,2,1,32
3/6/2016,3,1,23
3/7/2016,1,1,17
3/7/2016,2,1,21
3/7/2016,3,1,13
3/8/2016,1,1,9
3/8/2016,2,1,31
3/8/2016,3,1,23
3/9/2016,1,1,18
3/9/2016,2,1,26
3/9/2016,3,1,24
3/10/2016,1,1,15
3/10/2016,2,1,33
3/10/2016,3,1,28
3/11/2016,1,1,22
3/11/2016,2,1,28
3/11/2016,3,1,27
3/12/2016,1,1,17
3/12/2016,2,1,35
3/12/2016,3,1,26
3/13/2016,1,1,23
3/13/2016,2,1,36
3/13/2016,3,1,31
3/14/2016,1,1,13
3/14/2016,2,1,18
3/14/2016,3,1,16
3/15/2016,1,1,11
3/15/2016,2,1,18
3/15/2016,3,1,24
3/16/2016,1,1,23
3/16/2016,2,1,26
3/16/2016,3,1,15
3/17/2016,1,1,19
3/17/2016,2,1,28
3/17/2016,3,1,19
3/18/2016,1,1,21
3/18/2016,2,1,28
3/18/2016,3,1,22
3/19/2016,1,1,25
3/19/2016,2,1,29
3/19/2016,3,1,24
3/20/2016,1,1,25
3/20/2016,2,1,27
3/20/2016,3,1,17
3/21/2016,1,1,22
3/21/2016,2,1,23
3/21/2016,3,1,22
3/22/2016,1,1,17
3/22/2016,2,1,29
3/22/2016,3,1,19
3/23/2016,1,1,19
3/23/2016,2,1,27
3/23/2016,3,1,24
3/24/2016,1,1,18
3/24/2016,2,1,23
3/24/2016,3,1,13
3/25/2016,1,1,27
3/25/2016,2,1,28
3/25/2016,3,1,36
3/26/2016,1,1,22
3/26/2016,2,1,22
3/26/2016,3,1,28
3/27/2016,1,1,28
3/27/2016,2,1,34
3/27/2016,3,1,28
3/28/2016,1,1,16
3/28/2016,2,1,25
3/28/2016,3,1,25
3/29/2016,1,1,22
3/29/2016,2,1,36
3/29/2016,3,1,23
3/30/2016,1,1,14
3/30/2016,2,1,27
3/30/2016,3,1,16
3/31/2016,1,1,17
3/31/2016,2,1,24
3/31/2016,3,1,19
4/1/2016,1,1,32
4/1/2016,2,1,38
4/1/2016,3,1,25
4/2/2016,1,1,24
4/2/2016,2,1,34
4/2/2016,3,1,33
4/3/2016,1,1,29
4/3/2016,2,1,37
4/3/2016,3,1,41
4/4/2016,1,1,18
4/4/2016,2,1,30
4/4/2016,3,1,26
4/5/2016,1,1,20
4/5/2016,2,1,29
4/5/2016,3,1,34
4/6/2016,1,1,25
4/6/2016,2,1,27
4/6/2016,3,1,22
4/7/2016,1,1,18
4/7/2016,2,1,38
4/7/2016,3,1,27
4/8/2016,1,1,23
4/8/2016,2,1,40
4/8/2016,3,1,26
4/9/2016,1,1,22
4/9/2016,2,1,40
4/9/2016,3,1,39
4/10/2016,1,1,36
4/10/2016,2,1,42
4/10/2016,3,1,39
4/11/2016,1,1,18
4/11/2016,2,1,30
4/11/2016,3,1,26
4/12/2016,1,1,30
4/12/2016,2,1,29
4/12/2016,3,1,30
4/13/2016,1,1,24
4/13/2016,2,1,22
4/13/2016,3,1,22
4/14/2016,1,1,22
4/14/2016,2,1,50
4/14/2016,3,1,27
4/15/2016,1,1,23
4/15/2016,2,1,31
4/15/2016,3,1,34
4/16/2016,1,1,22
4/16/2016,2,1,39
4/16/2016,3,1,37
4/17/2016,1,1,18
4/17/2016,2,1,41
4/17/2016,3,1,28
4/18/2016,1,1,23
4/18/2016,2,1,18
4/18/2016,3,1,26
4/19/2016,1,1,23
4/19/2016,2,1,22
4/19/2016,3,1,25
4/20/2016,1,1,18
4/20/2016,2,1,32
4/20/2016,3,1,29
4/21/2016,1,1,20
4/21/2016,2,1,37
4/21/2016,3,1,33
4/22/2016,1,1,22
4/22/2016,2,1,31
4/22/2016,3,1,31
4/23/2016,1,1,23
4/23/2016,2,1,26
4/23/2016,3,1,39
4/24/2016,1,1,26
4/24/2016,2,1,43
4/24/2016,3,1,28
4/25/2016,1,1,15
4/25/2016,2,1,33
4/25/2016,3,1,26
4/26/2016,1,1,20
4/26/2016,2,1,31
4/26/2016,3,1,22
4/27/2016,1,1,19
4/27/2016,2,1,25
4/27/2016,3,1,22
4/28/2016,1,1,21
4/28/2016,2,1,28
4/28/2016,3,1,29
4/29/2016,1,1,30
4/29/2016,2,1,31
4/29/2016,3,1,31
4/30/2016,1,1,30
4/30/2016,2,1,42
4/30/2016,3,1,45
5/1/2016,1,1,30
5/1/2016,2,1,46
5/1/2016,3,1,38
5/2/2016,1,1,18
5/2/2016,2,1,24
5/2/2016,3,1,22
5/3/2016,1,1,29
5/3/2016,2,1,29
5/3/2016,3,1,29
5/4/2016,1,1,24
5/4/2016,2,1,28
5/4/2016,3,1,25
5/5/2016,1,1,17
5/5/2016,2,1,27
5/5/2016,3,1,36
5/6/2016,1,1,23
5/6/2016,2,1,46
5/6/2016,3,1,36
5/7/2016,1,1,23
5/7/2016,2,1,41
5/7/2016,3,1,37
5/8/2016,1,1,26
5/8/2016,2,1,37
5/8/2016,3,1,39
5/9/2016,1,1,18
5/9/2016,2,1,31
5/9/2016,3,1,22
5/10/2016,1,1,29
5/10/2016,2,1,23
5/10/2016,3,1,25
5/11/2016,1,1,21
5/11/2016,2,1,23
5/11/2016,3,1,27
5/12/2016,1,1,19
5/12/2016,2,1,22
5/12/2016,3,1,27
5/13/2016,1,1,26
5/13/2016,2,1,44
5/13/2016,3,1,38
5/14/2016,1,1,30
5/14/2016,2,1,39
5/14/2016,3,1,36
5/15/2016,1,1,39
5/15/2016,2,1,37
5/15/2016,3,1,34
5/16/2016,1,1,13
5/16/2016,2,1,24
5/16/2016,3,1,19
5/17/2016,1,1,25
5/17/2016,2,1,26
5/17/2016,3,1,30
5/18/2016,1,1,33
5/18/2016,2,1,29
5/18/2016,3,1,22
5/19/2016,1,1,26
5/19/2016,2,1,33
5/19/2016,3,1,32
5/20/2016,1,1,28
5/20/2016,2,1,31
5/20/2016,3,1,36
5/21/2016,1,1,35
5/21/2016,2,1,44
5/21/2016,3,1,33
5/22/2016,1,1,32
5/22/2016,2,1,28
5/22/2016,3,1,30
5/23/2016,1,1,22
5/23/2016,2,1,25
5/23/2016,3,1,24
5/24/2016,1,1,26
5/24/2016,2,1,39
5/24/2016,3,1,32
5/25/2016,1,1,29
5/25/2016,2,1,37
5/25/2016,3,1,26
5/26/2016,1,1,17
5/26/2016,2,1,40
5/26/2016,3,1,26
5/27/2016,1,1,26
5/27/2016,2,1,23
5/27/2016,3,1,32
5/28/2016,1,1,33
5/28/2016,2,1,29
5/28/2016,3,1,39
5/29/2016,1,1,29
5/29/2016,2,1,47
5/29/2016,3,1,38
5/30/2016,1,1,18
5/30/2016,2,1,27
5/30/2016,3,1,17
5/31/2016,1,1,18
5/31/2016,2,1,31
5/31/2016,3,1,33
6/1/2016,1,1,24
6/1/2016,2,1,37
6/1/2016,3,1,22
6/2/2016,1,1,25
6/2/2016,2,1,34
6/2/2016,3,1,30
6/3/2016,1,1,38
6/3/2016,2,1,42
6/3/2016,3,1,33
6/4/2016,1,1,28
6/4/2016,2,1,49
6/4/2016,3,1,31
6/5/2016,1,1,35
6/5/2016,2,1,42
6/5/2016,3,1,35
6/6/2016,1,1,23
6/6/2016,2,1,40
6/6/2016,3,1,31
6/7/2016,1,1,22
6/7/2016,2,1,40
6/7/2016,3,1,21
6/8/2016,1,1,22
6/8/2016,2,1,29
6/8/2016,3,1,29
6/9/2016,1,1,24
6/9/2016,2,1,40
6/9/2016,3,1,27
6/10/2016,1,1,34
6/10/2016,2,1,36
6/10/2016,3,1,49
6/11/2016,1,1,31
6/11/2016,2,1,42
6/11/2016,3,1,37
6/12/2016,1,1,22
6/12/2016,2,1,44
6/12/2016,3,1,45
6/13/2016,1,1,22
6/13/2016,2,1,41
6/13/2016,3,1,38
6/14/2016,1,1,25
6/14/2016,2,1,39
6/14/2016,3,1,30
6/15/2016,1,1,22
6/15/2016,2,1,43
6/15/2016,3,1,30
6/16/2016,1,1,30
6/16/2016,2,1,37
6/16/2016,3,1,35
6/17/2016,1,1,22
6/17/2016,2,1,46
6/17/2016,3,1,32
6/18/2016,1,1,27
6/18/2016,2,1,36
6/18/2016,3,1,38
6/19/2016,1,1,28
6/19/2016,2,1,38
6/19/2016,3,1,30
6/20/2016,1,1,15
6/20/2016,2,1,22
6/20/2016,3,1,24
6/21/2016,1,1,25
6/21/2016,2,1,44
6/21/2016,3,1,31
6/22/2016,1,1,25
6/22/2016,2,1,39
6/22/2016,3,1,29
6/23/2016,1,1,23
6/23/2016,2,1,32
6/23/2016,3,1,33
6/24/2016,1,1,31
6/24/2016,2,1,44
6/24/2016,3,1,35
6/25/2016,1,1,31
6/25/2016,2,1,58
6/25/2016,3,1,39
6/26/2016,1,1,32
6/26/2016,2,1,37
6/26/2016,3,1,35
6/27/2016,1,1,26
6/27/2016,2,1,32
6/27/2016,3,1,32
6/28/2016,1,1,28
6/28/2016,2,1,39
6/28/2016,3,1,45
6/29/2016,1,1,25
6/29/2016,2,1,34
6/29/2016,3,1,26
6/30/2016,1,1,25
6/30/2016,2,1,41
6/30/2016,3,1,37
7/1/2016,1,1,42
7/1/2016,2,1,48
7/1/2016,3,1,27
7/2/2016,1,1,32
7/2/2016,2,1,34
7/2/2016,3,1,37
7/3/2016,1,1,35
7/3/2016,2,1,54
7/3/2016,3,1,41
7/4/2016,1,1,18
7/4/2016,2,1,31
7/4/2016,3,1,26
7/5/2016,1,1,31
7/5/2016,2,1,37
7/5/2016,3,1,30
7/6/2016,1,1,22
7/6/2016,2,1,42
7/6/2016,3,1,29
7/7/2016,1,1,33
7/7/2016,2,1,35
7/7/2016,3,1,42
7/8/2016,1,1,34
7/8/2016,2,1,45
7/8/2016,3,1,46
7/9/2016,1,1,35
7/9/2016,2,1,53
7/9/2016,3,1,48
7/10/2016,1,1,28
7/10/2016,2,1,45
7/10/2016,3,1,43
7/11/2016,1,1,18
7/11/2016,2,1,32
7/11/2016,3,1,25
7/12/2016,1,1,27
7/12/2016,2,1,28
7/12/2016,3,1,28
7/13/2016,1,1,30
7/13/2016,2,1,42
7/13/2016,3,1,37
7/14/2016,1,1,22
7/14/2016,2,1,34
7/14/2016,3,1,41
7/15/2016,1,1,33
7/15/2016,2,1,32
7/15/2016,3,1,37
7/16/2016,1,1,34
7/16/2016,2,1,44
7/16/2016,3,1,42
7/17/2016,1,1,37
7/17/2016,2,1,37
7/17/2016,3,1,36
7/18/2016,1,1,24
7/18/2016,2,1,32
7/18/2016,3,1,26
7/19/2016,1,1,25
7/19/2016,2,1,36
7/19/2016,3,1,24
7/20/2016,1,1,22
7/20/2016,2,1,48
7/20/2016,3,1,33
7/21/2016,1,1,34
7/21/2016,2,1,41
7/21/2016,3,1,40
7/22/2016,1,1,26
7/22/2016,2,1,35
7/22/2016,3,1,26
7/23/2016,1,1,34
7/23/2016,2,1,47
7/23/2016,3,1,36
7/24/2016,1,1,25
7/24/2016,2,1,38
7/24/2016,3,1,29
7/25/2016,1,1,21
7/25/2016,2,1,38
7/25/2016,3,1,36
7/26/2016,1,1,24
7/26/2016,2,1,37
7/26/2016,3,1,38
7/27/2016,1,1,28
7/27/2016,2,1,33
7/27/2016,3,1,27
7/28/2016,1,1,30
7/28/2016,2,1,42
7/28/2016,3,1,41
7/29/2016,1,1,30
7/29/2016,2,1,36
7/29/2016,3,1,38
7/30/2016,1,1,38
7/30/2016,2,1,49
7/30/2016,3,1,41
7/31/2016,1,1,31
7/31/2016,2,1,50
7/31/2016,3,1,32
8/1/2016,1,1,21
8/1/2016,2,1,30
8/1/2016,3,1,23
8/2/2016,1,1,22
8/2/2016,2,1,42
8/2/2016,3,1,21
8/3/2016,1,1,28
8/3/2016,2,1,30
8/3/2016,3,1,29
8/4/2016,1,1,34
8/4/2016,2,1,33
8/4/2016,3,1,18
8/5/2016,1,1,24
8/5/2016,2,1,36
8/5/2016,3,1,35
8/6/2016,1,1,20
8/6/2016,2,1,43
8/6/2016,3,1,36
8/7/2016,1,1,31
8/7/2016,2,1,32
8/7/2016,3,1,49
8/8/2016,1,1,11
8/8/2016,2,1,37
8/8/2016,3,1,31
8/9/2016,1,1,26
8/9/2016,2,1,25
8/9/2016,3,1,30
8/10/2016,1,1,21
8/10/2016,2,1,29
8/10/2016,3,1,22
8/11/2016,1,1,23
8/11/2016,2,1,39
8/11/2016,3,1,18
8/12/2016,1,1,16
8/12/2016,2,1,37
8/12/2016,3,1,42
8/13/2016,1,1,27
8/13/2016,2,1,30
8/13/2016,3,1,23
8/14/2016,1,1,36
8/14/2016,2,1,31
8/14/2016,3,1,44
8/15/2016,1,1,24
8/15/2016,2,1,30
8/15/2016,3,1,22
8/16/2016,1,1,15
8/16/2016,2,1,31
8/16/2016,3,1,21
8/17/2016,1,1,25
8/17/2016,2,1,30
8/17/2016,3,1,33
8/18/2016,1,1,26
8/18/2016,2,1,38
8/18/2016,3,1,37
8/19/2016,1,1,29
8/19/2016,2,1,27
8/19/2016,3,1,26
8/20/2016,1,1,30
8/20/2016,2,1,31
8/20/2016,3,1,36
8/21/2016,1,1,22
8/21/2016,2,1,35
8/21/2016,3,1,42
8/22/2016,1,1,15
8/22/2016,2,1,27
8/22/2016,3,1,19
8/23/2016,1,1,24
8/23/2016,2,1,34
8/23/2016,3,1,32
8/24/2016,1,1,32
8/24/2016,2,1,32
8/24/2016,3,1,35
8/25/2016,1,1,17
8/25/2016,2,1,23
8/25/2016,3,1,26
8/26/2016,1,1,25
8/26/2016,2,1,36
8/27/2016,1,1,24
8/27/2016,2,1,48
8/28/2016,1,1,34
8/28/2016,2,1,34
8/29/2016,1,1,14
8/29/2016,2,1,21
8/30/2016,1,1,14
8/30/2016,2,1,26
8/31/2016,1,1,17
8/31/2016,2,1,31
9/1/2016,1,1,18
9/1/2016,2,1,37
9/2/2016,1,1,20
9/2/2016,2,1,34
9/3/2016,1,1,31
9/3/2016,2,1,40
9/4/2016,1,1,25
9/4/2016,2,1,39
9/5/2016,1,1,32
9/5/2016,2,1,19
9/6/2016,1,1,28
9/6/2016,2,1,34
9/7/2016,1,1,18
9/7/2016,2,1,32
9/8/2016,1,1,28
9/8/2016,2,1,30
9/9/2016,1,1,26
9/9/2016,2,1,28
9/10/2016,1,1,25
9/10/2016,2,1,27
9/11/2016,1,1,24
9/11/2016,2,1,35
9/12/2016,1,1,24
9/12/2016,2,1,29
9/13/2016,1,1,24
9/13/2016,2,1,33
9/14/2016,1,1,19
9/14/2016,2,1,31
9/15/2016,1,1,20
9/15/2016,2,1,24
9/16/2016,1,1,19
9/16/2016,2,1,33
9/17/2016,1,1,19
9/17/2016,2,1,37
9/18/2016,1,1,27
9/18/2016,2,1,34
9/19/2016,1,1,19
9/19/2016,2,1,23
9/20/2016,1,1,23
9/20/2016,2,1,31
9/21/2016,1,1,25
9/21/2016,2,1,22
9/22/2016,1,1,25
9/22/2016,2,1,39
9/23/2016,1,1,24
9/23/2016,2,1,33
9/24/2016,1,1,26
9/24/2016,2,1,43
9/25/2016,1,1,27
9/25/2016,2,1,43
9/26/2016,1,1,17
9/26/2016,2,1,23
9/27/2016,1,1,18
9/27/2016,2,1,29
9/28/2016,1,1,27
9/28/2016,2,1,27
9/29/2016,1,1,28
9/29/2016,2,1,34
9/30/2016,1,1,23
9/30/2016,2,1,41
10/1/2016,1,1,25
10/1/2016,2,1,22
10/2/2016,1,1,26
10/2/2016,2,1,39
10/3/2016,1,1,20
10/3/2016,2,1,24
10/4/2016,1,1,28
10/4/2016,2,1,24
10/5/2016,1,1,17
10/5/2016,2,1,28
10/6/2016,1,1,22
10/6/2016,2,1,27
10/7/2016,1,1,19
10/7/2016,2,1,33
10/8/2016,1,1,24
10/8/2016,2,1,40
10/9/2016,1,1,29
10/9/2016,2,1,39
10/10/2016,1,1,18
10/10/2016,2,1,21
10/11/2016,1,1,18
10/11/2016,2,1,40
10/12/2016,1,1,16
10/12/2016,2,1,22
10/13/2016,1,1,16
10/13/2016,2,1,31
10/14/2016,1,1,32
10/14/2016,2,1,28
10/15/2016,1,1,32
10/15/2016,2,1,31
10/16/2016,1,1,26
10/16/2016,2,1,33
10/17/2016,1,1,20
10/17/2016,2,1,30
10/18/2016,1,1,21
10/18/2016,2,1,18
10/19/2016,1,1,20
10/19/2016,2,1,28
10/20/2016,1,1,30
10/20/2016,2,1,37
10/21/2016,1,1,25
10/21/2016,2,1,25
10/22/2016,1,1,26
10/22/2016,2,1,31
10/23/2016,1,1,21
10/23/2016,2,1,38
10/24/2016,1,1,16
10/24/2016,2,1,22
10/25/2016,1,1,13
10/25/2016,2,1,24
10/26/2016,1,1,16
10/26/2016,2,1,15
10/27/2016,1,1,25
10/27/2016,2,1,30
10/28/2016,1,1,18
10/28/2016,2,1,26
10/29/2016,1,1,23
10/29/2016,2,1,38
10/30/2016,1,1,33
10/30/2016,2,1,25
10/31/2016,1,1,24
10/31/2016,2,1,20
11/1/2016,1,1,22
11/1/2016,2,1,27
11/2/2016,1,1,23
11/2/2016,2,1,26
11/3/2016,1,1,23
11/3/2016,2,1,34
11/4/2016,1,1,22
11/4/2016,2,1,38
11/5/2016,1,1,29
11/5/2016,2,1,43
11/6/2016,1,1,18
11/6/2016,2,1,43
11/7/2016,1,1,17
11/7/2016,2,1,30
11/8/2016,1,1,19
11/8/2016,2,1,21
11/9/2016,1,1,22
11/9/2016,2,1,21
11/10/2016,1,1,18
11/10/2016,2,1,20
11/11/2016,1,1,26
11/11/2016,2,1,43
11/12/2016,1,1,26
11/12/2016,2,1,39
11/13/2016,1,1,36
11/13/2016,2,1,44
11/14/2016,1,1,17
11/14/2016,2,1,24
11/15/2016,1,1,22
11/15/2016,2,1,22
11/16/2016,1,1,20
11/16/2016,2,1,27
11/17/2016,1,1,19
11/17/2016,2,1,25
11/18/2016,1,1,21
11/18/2016,2,1,42
11/19/2016,1,1,36
11/19/2016,2,1,33
11/20/2016,1,1,22
11/20/2016,2,1,30
11/21/2016,1,1,14
11/21/2016,2,1,32
11/22/2016,1,1,18
11/22/2016,2,1,32
11/23/2016,1,1,20
11/23/2016,2,1,35
11/24/2016,1,1,18
11/24/2016,2,1,30
11/25/2016,1,1,26
11/25/2016,2,1,44
11/26/2016,1,1,20
11/26/2016,2,1,35
11/27/2016,1,1,20
11/27/2016,2,1,24
11/28/2016,1,1,22
11/28/2016,2,1,24
11/29/2016,1,1,27
11/29/2016,2,1,26
11/30/2016,1,1,19
11/30/2016,2,1,24
12/1/2016,1,1,13
12/1/2016,2,1,27
12/2/2016,1,1,11
12/2/2016,2,1,17
12/3/2016,1,1,19
12/3/2016,2,1,29
12/4/2016,1,1,24
12/4/2016,2,1,26
12/5/2016,1,1,13
12/5/2016,2,1,31
12/6/2016,1,1,10
12/6/2016,2,1,20
12/7/2016,1,1,17
12/7/2016,2,1,22
12/8/2016,1,1,15
12/8/2016,2,1,18
12/9/2016,1,1,7
12/9/2016,2,1,27
12/10/2016,1,1,12
12/10/2016,2,1,27
12/11/2016,1,1,20
12/11/2016,2,1,34
12/12/2016,1,1,12
12/12/2016,2,1,16
12/13/2016,1,1,23
12/13/2016,2,1,22
12/14/2016,1,1,12
12/14/2016,2,1,18
12/15/2016,1,1,10
12/15/2016,2,1,25
12/16/2016,1,1,15
12/16/2016,2,1,29
12/17/2016,1,1,19
12/17/2016,2,1,17
12/18/2016,1,1,22
12/18/2016,2,1,24
12/19/2016,1,1,17
12/19/2016,2,1,28
12/20/2016,1,1,18
12/20/2016,2,1,16
12/21/2016,1,1,12
12/21/2016,2,1,18
12/22/2016,1,1,20
12/22/2016,2,1,25
12/23/2016,1,1,21
12/23/2016,2,1,20
12/24/2016,1,1,13
12/24/2016,2,1,23
12/25/2016,1,1,20
12/25/2016,2,1,21
12/26/2016,1,1,16
12/26/2016,2,1,22
12/27/2016,1,1,10
12/27/2016,2,1,19
12/28/2016,1,1,16
12/28/2016,2,1,25
12/29/2016,1,1,21
12/29/2016,2,1,25
12/30/2016,1,1,24
12/30/2016,2,1,33
12/31/2016,1,1,14
12/31/2016,2,1,24
1/1/2017,1,1,19
1/1/2017,2,1,33
1/2/2017,1,1,15
1/2/2017,2,1,19
1/3/2017,1,1,10
1/3/2017,2,1,20
1/4/2017,1,1,16
1/4/2017,2,1,18
1/5/2017,1,1,14
1/5/2017,2,1,20
1/6/2017,1,1,24
1/6/2017,2,1,30
1/7/2017,1,1,14
1/7/2017,2,1,24
1/8/2017,1,1,20
1/8/2017,2,1,18
1/9/2017,1,1,18
1/9/2017,2,1,19
1/10/2017,1,1,11
1/10/2017,2,1,24
1/11/2017,1,1,14
1/11/2017,2,1,16
1/12/2017,1,1,17
1/12/2017,2,1,21
1/13/2017,1,1,7
1/13/2017,2,1,30
1/14/2017,1,1,16
1/14/2017,2,1,24
1/15/2017,1,1,29
1/15/2017,2,1,23
1/16/2017,1,1,15
1/16/2017,2,1,16
1/17/2017,1,1,14
1/17/2017,2,1,21
1/18/2017,1,1,10
1/18/2017,2,1,21
1/19/2017,1,1,16
1/19/2017,2,1,23
1/20/2017,1,1,22
1/20/2017,2,1,35
1/21/2017,1,1,13
1/21/2017,2,1,17
1/22/2017,1,1,21
1/22/2017,2,1,25
1/23/2017,1,1,9
1/23/2017,2,1,16
1/24/2017,1,1,18
1/24/2017,2,1,22
1/25/2017,1,1,14
1/25/2017,2,1,11
1/26/2017,1,1,13
1/26/2017,2,1,21
1/27/2017,1,1,10
1/27/2017,2,1,23
1/28/2017,1,1,16
1/28/2017,2,1,18
1/29/2017,1,1,24
1/29/2017,2,1,24
1/30/2017,1,1,9
1/30/2017,2,1,16
1/31/2017,1,1,17
1/31/2017,2,1,17
2/1/2017,1,1,15
2/1/2017,2,1,22
2/2/2017,1,1,17
2/2/2017,2,1,28
2/3/2017,1,1,24
2/3/2017,2,1,22
2/4/2017,1,1,25
2/4/2017,2,1,25
2/5/2017,1,1,25
2/5/2017,2,1,37
2/6/2017,1,1,16
2/6/2017,2,1,18
2/7/2017,1,1,12
2/7/2017,2,1,24
2/8/2017,1,1,20
2/8/2017,2,1,24
2/9/2017,1,1,16
2/9/2017,2,1,31
2/10/2017,1,1,16
2/10/2017,2,1,28
2/11/2017,1,1,18
2/11/2017,2,1,29
2/12/2017,1,1,19
2/12/2017,2,1,32
2/13/2017,1,1,11
2/13/2017,2,1,10
2/14/2017,1,1,15
2/14/2017,2,1,27
2/15/2017,1,1,22
2/15/2017,2,1,25
2/16/2017,1,1,11
2/16/2017,2,1,25
2/17/2017,1,1,17
2/17/2017,2,1,21
2/18/2017,1,1,22
2/18/2017,2,1,26
2/19/2017,1,1,18
2/19/2017,2,1,34
2/20/2017,1,1,5
2/20/2017,2,1,19
2/21/2017,1,1,14
2/21/2017,2,1,16
2/22/2017,1,1,12
2/22/2017,2,1,19
2/23/2017,1,1,26
2/23/2017,2,1,20
2/24/2017,1,1,15
2/24/2017,2,1,29
2/25/2017,1,1,16
2/25/2017,2,1,29
2/26/2017,1,1,28
2/26/2017,2,1,28
2/27/2017,1,1,12
2/27/2017,2,1,22
2/28/2017,1,1,20
2/28/2017,2,1,17
3/1/2017,1,1,16
3/1/2017,2,1,32
3/2/2017,1,1,23
3/2/2017,2,1,23
3/3/2017,1,1,22
3/3/2017,2,1,34
3/4/2017,1,1,13
3/4/2017,2,1,36
3/5/2017,1,1,25
3/5/2017,2,1,40
3/6/2017,1,1,11
3/6/2017,2,1,19
3/7/2017,1,1,14
3/7/2017,2,1,17
3/8/2017,1,1,17
3/8/2017,2,1,23
3/9/2017,1,1,16
3/9/2017,2,1,28
3/10/2017,1,1,18
3/10/2017,2,1,31
3/11/2017,1,1,15
3/11/2017,2,1,29
3/12/2017,1,1,21
3/12/2017,2,1,30
3/13/2017,1,1,14
3/13/2017,2,1,21
3/14/2017,1,1,24
3/14/2017,2,1,24
3/15/2017,1,1,22
3/15/2017,2,1,25
3/16/2017,1,1,23
3/16/2017,2,1,23
3/17/2017,1,1,17
3/17/2017,2,1,28
3/18/2017,1,1,20
3/18/2017,2,1,32
3/19/2017,1,1,25
3/19/2017,2,1,32
3/20/2017,1,1,14
3/20/2017,2,1,22
3/21/2017,1,1,13
3/21/2017,2,1,31
3/22/2017,1,1,23
3/22/2017,2,1,24
3/23/2017,1,1,18
3/23/2017,2,1,29
3/24/2017,1,1,19
3/24/2017,2,1,27
3/25/2017,1,1,20
3/25/2017,2,1,33
3/26/2017,1,1,17
3/26/2017,2,1,37
3/27/2017,1,1,21
3/27/2017,2,1,15
3/28/2017,1,1,13
3/28/2017,2,1,28
3/29/2017,1,1,12
3/29/2017,2,1,18
3/30/2017,1,1,22
3/30/2017,2,1,25
3/31/2017,1,1,13
3/31/2017,2,1,26
4/1/2017,1,1,26
4/1/2017,2,1,41
4/2/2017,1,1,21
4/2/2017,2,1,38
4/3/2017,1,1,17
4/3/2017,2,1,27
4/4/2017,1,1,22
4/4/2017,2,1,32
4/5/2017,1,1,21
4/5/2017,2,1,34
4/6/2017,1,1,25
4/6/2017,2,1,38
4/7/2017,1,1,25
4/7/2017,2,1,32
4/8/2017,1,1,23
4/8/2017,2,1,43
4/9/2017,1,1,20
4/9/2017,2,1,37
4/10/2017,1,1,19
4/10/2017,2,1,27
4/11/2017,1,1,21
4/11/2017,2,1,21
4/12/2017,1,1,17
4/12/2017,2,1,25
4/13/2017,1,1,25
4/13/2017,2,1,22
4/14/2017,1,1,15
4/14/2017,2,1,35
4/15/2017,1,1,20
4/15/2017,2,1,48
4/16/2017,1,1,32
4/16/2017,2,1,42
4/17/2017,1,1,13
4/17/2017,2,1,26
4/18/2017,1,1,21
4/18/2017,2,1,37
4/19/2017,1,1,19
4/19/2017,2,1,37
4/20/2017,1,1,26
4/20/2017,2,1,40
4/21/2017,1,1,27
4/21/2017,2,1,34
4/22/2017,1,1,19
4/22/2017,2,1,40
4/23/2017,1,1,22
4/23/2017,2,1,34
4/24/2017,1,1,17
4/24/2017,2,1,35
4/25/2017,1,1,26
4/25/2017,2,1,24
4/26/2017,1,1,22
4/26/2017,2,1,40
4/27/2017,1,1,26
4/27/2017,2,1,34
4/28/2017,1,1,25
4/28/2017,2,1,34
4/29/2017,1,1,32
4/29/2017,2,1,31
4/30/2017,1,1,33
4/30/2017,2,1,33
5/1/2017,1,1,15
5/1/2017,2,1,25
5/2/2017,1,1,21
5/2/2017,2,1,33
5/3/2017,1,1,29
5/3/2017,2,1,45
5/4/2017,1,1,19
5/4/2017,2,1,32
5/5/2017,1,1,28
5/5/2017,2,1,35
5/6/2017,1,1,34
5/6/2017,2,1,38
5/7/2017,1,1,31
5/7/2017,2,1,51
5/8/2017,1,1,24
5/8/2017,2,1,21
5/9/2017,1,1,32
5/9/2017,2,1,32
5/10/2017,1,1,17
5/10/2017,2,1,35
5/11/2017,1,1,18
5/11/2017,2,1,27
5/12/2017,1,1,26
5/12/2017,2,1,45
5/13/2017,1,1,25
5/13/2017,2,1,40
5/14/2017,1,1,32
5/14/2017,2,1,50
5/15/2017,1,1,17
5/15/2017,2,1,21
5/16/2017,1,1,24
5/16/2017,2,1,37
5/17/2017,1,1,16
5/17/2017,2,1,28
5/18/2017,1,1,32
5/18/2017,2,1,41
5/19/2017,1,1,35
5/19/2017,2,1,41
5/20/2017,1,1,34
5/20/2017,2,1,31
5/21/2017,1,1,25
5/21/2017,2,1,49
5/22/2017,1,1,20
5/22/2017,2,1,25
5/23/2017,1,1,15
5/23/2017,2,1,27
5/24/2017,1,1,30
5/24/2017,2,1,28
5/25/2017,1,1,22
5/25/2017,2,1,41
5/26/2017,1,1,24
5/26/2017,2,1,40
5/27/2017,1,1,35
5/27/2017,2,1,47
5/28/2017,1,1,33
5/28/2017,2,1,36
5/29/2017,1,1,23
5/29/2017,2,1,29
5/30/2017,1,1,17
5/30/2017,2,1,35
5/31/2017,1,1,20
5/31/2017,2,1,29
6/1/2017,1,1,29
6/1/2017,2,1,41
6/2/2017,1,1,25
6/2/2017,2,1,44
6/3/2017,1,1,36
6/3/2017,2,1,38
6/4/2017,1,1,27
6/4/2017,2,1,51
6/5/2017,1,1,22
6/5/2017,2,1,32
6/6/2017,1,1,22
6/6/2017,2,1,39
6/7/2017,1,1,29
6/7/2017,2,1,39
6/8/2017,1,1,26
6/8/2017,2,1,37
6/9/2017,1,1,16
6/9/2017,2,1,44
6/10/2017,1,1,41
6/10/2017,2,1,45
6/11/2017,1,1,28
6/11/2017,2,1,43
6/12/2017,1,1,23
6/12/2017,2,1,18
6/13/2017,1,1,26
6/13/2017,2,1,31
6/14/2017,1,1,32
6/14/2017,2,1,43
6/15/2017,1,1,30
6/15/2017,2,1,38
6/16/2017,1,1,26
6/16/2017,2,1,33
6/17/2017,1,1,31
6/17/2017,2,1,42
6/18/2017,1,1,38
6/18/2017,2,1,57
6/19/2017,1,1,30
6/19/2017,2,1,35
6/20/2017,1,1,22
6/20/2017,2,1,37
6/21/2017,1,1,26
6/21/2017,2,1,39
6/22/2017,1,1,24
6/22/2017,2,1,29
6/23/2017,1,1,26
6/23/2017,2,1,31
6/24/2017,1,1,30
6/24/2017,2,1,43
6/25/2017,1,1,26
6/25/2017,2,1,43
6/26/2017,1,1,21
6/26/2017,2,1,17
6/27/2017,1,1,32
6/27/2017,2,1,31
6/28/2017,1,1,50
6/28/2017,2,1,33
6/29/2017,1,1,28
6/29/2017,2,1,42
6/30/2017,1,1,28
6/30/2017,2,1,39
7/1/2017,1,1,31
7/1/2017,2,1,44
7/2/2017,1,1,38
7/2/2017,2,1,48
7/3/2017,1,1,18
7/3/2017,2,1,42
7/4/2017,1,1,23
7/4/2017,2,1,29
7/5/2017,1,1,23
7/5/2017,2,1,35
7/6/2017,1,1,31
7/6/2017,2,1,44
7/7/2017,1,1,32
7/7/2017,2,1,44
7/8/2017,1,1,27
7/8/2017,2,1,53
7/9/2017,1,1,32
7/9/2017,2,1,53
7/10/2017,1,1,16
7/10/2017,2,1,38
7/11/2017,1,1,23
7/11/2017,2,1,49
7/12/2017,1,1,29
7/12/2017,2,1,45
7/13/2017,1,1,22
7/13/2017,2,1,40
7/14/2017,1,1,38
7/14/2017,2,1,46
7/15/2017,1,1,40
7/15/2017,2,1,50
7/16/2017,1,1,36
7/16/2017,2,1,53
7/17/2017,1,1,20
7/17/2017,2,1,31
7/18/2017,1,1,26
7/18/2017,2,1,40
7/19/2017,1,1,24
7/19/2017,2,1,44
7/20/2017,1,1,37
7/20/2017,2,1,38
7/21/2017,1,1,27
7/21/2017,2,1,33
7/22/2017,1,1,35
7/22/2017,2,1,55
7/23/2017,1,1,32
7/23/2017,2,1,47
7/24/2017,1,1,27
7/24/2017,2,1,38
7/25/2017,1,1,20
7/25/2017,2,1,43
7/26/2017,1,1,28
7/26/2017,2,1,30
7/27/2017,1,1,35
7/27/2017,2,1,34
7/28/2017,1,1,25
7/28/2017,2,1,55
7/29/2017,1,1,30
7/29/2017,2,1,44
7/30/2017,1,1,26
7/30/2017,2,1,43
7/31/2017,1,1,22
7/31/2017,2,1,38
8/1/2017,1,1,18
8/1/2017,2,1,34
8/2/2017,1,1,19
8/2/2017,2,1,36
8/3/2017,1,1,25
8/3/2017,2,1,31
8/4/2017,1,1,26
8/4/2017,2,1,37
8/5/2017,1,1,35
8/5/2017,2,1,45
8/6/2017,1,1,29
8/6/2017,2,1,37
8/7/2017,1,1,20
8/7/2017,2,1,31
8/8/2017,1,1,28
8/8/2017,2,1,29
8/9/2017,1,1,28
8/9/2017,2,1,39
8/10/2017,1,1,31
8/10/2017,2,1,41
8/11/2017,1,1,25
8/11/2017,2,1,50
8/12/2017,1,1,32
8/12/2017,2,1,42
8/13/2017,1,1,32
8/13/2017,2,1,35
8/14/2017,1,1,26
8/14/2017,2,1,27
8/15/2017,1,1,18
8/15/2017,2,1,38
8/16/2017,1,1,24
8/16/2017,2,1,35
8/17/2017,1,1,21
8/17/2017,2,1,38
8/18/2017,1,1,35
8/18/2017,2,1,41
8/19/2017,1,1,29
8/19/2017,2,1,37
8/20/2017,1,1,27
8/20/2017,2,1,44
8/21/2017,1,1,19
8/21/2017,2,1,39
8/22/2017,1,1,28
8/22/2017,2,1,28
8/23/2017,1,1,26
8/23/2017,2,1,29
8/24/2017,1,1,15
8/24/2017,2,1,33
8/25/2017,1,1,30
8/25/2017,2,1,33
8/26/2017,1,1,38
8/26/2017,2,1,43
8/27/2017,1,1,26
8/27/2017,2,1,43
8/28/2017,1,1,15
8/28/2017,2,1,39
8/29/2017,1,1,21
8/29/2017,2,1,20
8/30/2017,1,1,22
8/30/2017,2,1,27
8/31/2017,1,1,26
8/31/2017,2,1,39
9/1/2017,1,1,38
9/1/2017,2,1,42
9/2/2017,1,1,26
9/2/2017,2,1,39
9/3/2017,1,1,23
9/3/2017,2,1,39
9/4/2017,1,1,12
9/4/2017,2,1,32
9/5/2017,1,1,26
9/5/2017,2,1,24
9/6/2017,1,1,24
9/6/2017,2,1,29
9/7/2017,1,1,29
9/7/2017,2,1,33
9/8/2017,1,1,28
9/8/2017,2,1,29
9/9/2017,1,1,28
9/9/2017,2,1,49
9/10/2017,1,1,30
9/10/2017,2,1,35
9/11/2017,1,1,16
9/11/2017,2,1,31
9/12/2017,1,1,20
9/12/2017,2,1,33
9/13/2017,1,1,13
9/13/2017,2,1,28
9/14/2017,1,1,26
9/14/2017,2,1,29
9/15/2017,1,1,28
9/15/2017,2,1,38
9/16/2017,1,1,27
9/16/2017,2,1,36
9/17/2017,1,1,30
9/17/2017,2,1,47
9/18/2017,1,1,22
9/18/2017,2,1,26
9/19/2017,1,1,21
9/19/2017,2,1,30
9/20/2017,1,1,20
9/20/2017,2,1,23
9/21/2017,1,1,20
9/21/2017,2,1,38
9/22/2017,1,1,28
9/22/2017,2,1,28
9/23/2017,1,1,37
9/23/2017,2,1,35
9/24/2017,1,1,24
9/24/2017,2,1,38
9/25/2017,1,1,14
9/25/2017,2,1,32
9/26/2017,1,1,18
9/26/2017,2,1,24
9/27/2017,1,1,27
9/27/2017,2,1,30
9/28/2017,1,1,23
9/28/2017,2,1,29
9/29/2017,1,1,28
9/29/2017,2,1,42
9/30/2017,1,1,30
9/30/2017,2,1,32
10/1/2017,1,1,21
10/1/2017,2,1,42
10/2/2017,1,1,12
10/2/2017,2,1,21
10/3/2017,1,1,18
10/3/2017,2,1,28
10/4/2017,1,1,15
10/4/2017,2,1,23
10/5/2017,1,1,20
10/5/2017,2,1,36
10/6/2017,1,1,19
10/6/2017,2,1,47
10/7/2017,1,1,22
10/7/2017,2,1,30
10/8/2017,1,1,19
10/8/2017,2,1,42
10/9/2017,1,1,9
10/9/2017,2,1,16
10/10/2017,1,1,23
10/10/2017,2,1,37
10/11/2017,1,1,14
10/11/2017,2,1,39
10/12/2017,1,1,24
10/12/2017,2,1,33
10/13/2017,1,1,23
10/13/2017,2,1,32
10/14/2017,1,1,26
10/14/2017,2,1,34
10/15/2017,1,1,28
10/15/2017,2,1,36
10/16/2017,1,1,19
10/16/2017,2,1,27
10/17/2017,1,1,17
10/17/2017,2,1,29
10/18/2017,1,1,15
10/18/2017,2,1,25
10/19/2017,1,1,26
10/19/2017,2,1,20
10/20/2017,1,1,22
10/20/2017,2,1,38
10/21/2017,1,1,26
10/21/2017,2,1,43
10/22/2017,1,1,32
10/22/2017,2,1,33
10/23/2017,1,1,20
10/23/2017,2,1,28
10/24/2017,1,1,23
10/24/2017,2,1,37
10/25/2017,1,1,22
10/25/2017,2,1,29
10/26/2017,1,1,28
10/26/2017,2,1,43
10/27/2017,1,1,20
10/27/2017,2,1,28
10/28/2017,1,1,22
10/28/2017,2,1,34
10/29/2017,1,1,29
10/29/2017,2,1,34
10/30/2017,1,1,22
10/30/2017,2,1,32
10/31/2017,1,1,24
10/31/2017,2,1,22
11/1/2017,1,1,16
11/1/2017,2,1,35
11/2/2017,1,1,21
11/2/2017,2,1,35
11/3/2017,1,1,18
11/3/2017,2,1,33
11/4/2017,1,1,34
11/4/2017,2,1,46
11/5/2017,1,1,23
11/5/2017,2,1,38
11/6/2017,1,1,17
11/6/2017,2,1,28
11/7/2017,1,1,23
11/7/2017,2,1,28
11/8/2017,1,1,14
11/8/2017,2,1,29
11/9/2017,1,1,21
11/9/2017,2,1,28
11/10/2017,1,1,19
11/10/2017,2,1,32
11/11/2017,1,1,24
11/11/2017,2,1,38
11/12/2017,1,1,27
11/12/2017,2,1,33
11/13/2017,1,1,22
11/13/2017,2,1,21
11/14/2017,1,1,16
11/14/2017,2,1,32
11/15/2017,1,1,19
11/15/2017,2,1,19
11/16/2017,1,1,22
11/16/2017,2,1,28
11/17/2017,1,1,25
11/17/2017,2,1,34
11/18/2017,1,1,31
11/18/2017,2,1,45
11/19/2017,1,1,32
11/19/2017,2,1,45
11/20/2017,1,1,21
11/20/2017,2,1,27
11/21/2017,1,1,29
11/21/2017,2,1,41
11/22/2017,1,1,27
11/22/2017,2,1,33
11/23/2017,1,1,25
11/23/2017,2,1,41
11/24/2017,1,1,22
11/24/2017,2,1,38
11/25/2017,1,1,29
11/25/2017,2,1,26
11/26/2017,1,1,24
11/26/2017,2,1,44
11/27/2017,1,1,10
11/27/2017,2,1,29
11/28/2017,1,1,14
11/28/2017,2,1,36
11/29/2017,1,1,28
11/29/2017,2,1,24
11/30/2017,1,1,15
11/30/2017,2,1,31
12/1/2017,1,1,19
12/1/2017,2,1,31
12/2/2017,1,1,16
12/2/2017,2,1,24
12/3/2017,1,1,31
12/3/2017,2,1,20
12/4/2017,1,1,7
12/4/2017,2,1,10
12/5/2017,1,1,20
12/5/2017,2,1,14
12/6/2017,1,1,17
12/6/2017,2,1,12
12/7/2017,1,1,18
12/7/2017,2,1,21
12/8/2017,1,1,17
12/8/2017,2,1,27
12/9/2017,1,1,27
12/9/2017,2,1,29
12/10/2017,1,1,20
12/10/2017,2,1,29
12/11/2017,1,1,20
12/11/2017,2,1,16
12/12/2017,1,1,13
12/12/2017,2,1,20
12/13/2017,1,1,17
12/13/2017,2,1,23
12/14/2017,1,1,14
12/14/2017,2,1,18
12/15/2017,1,1,16
12/15/2017,2,1,25
12/16/2017,1,1,15
12/16/2017,2,1,30
12/17/2017,1,1,22
12/17/2017,2,1,45
12/18/2017,1,1,19
12/18/2017,2,1,20
12/19/2017,1,1,7
12/19/2017,2,1,16
12/20/2017,1,1,16
12/20/2017,2,1,19
12/21/2017,1,1,12
12/21/2017,2,1,21
12/22/2017,1,1,6
12/22/2017,2,1,28
12/23/2017,1,1,18
12/23/2017,2,1,18
12/24/2017,1,1,19
12/24/2017,2,1,28
12/25/2017,1,1,13
12/25/2017,2,1,18
12/26/2017,1,1,16
12/26/2017,2,1,25
12/27/2017,1,1,14
12/27/2017,2,1,19
12/28/2017,1,1,19
12/28/2017,2,1,21
12/29/2017,1,1,15
12/29/2017,2,1,18
12/30/2017,1,1,27
12/30/2017,2,1,24
12/31/2017,1,1,23
12/31/2017,2,1,31
